<record><header><identifier>oai:alma.41SLSP_UGE:991000106939705502</identifier><datestamp>2023-03-31T00:23:58Z</datestamp><setSpec>uge_bcen_RapidILL_BOOK</setSpec><setSpec>uge_aaca_RapidILL_BOOK</setSpec><setSpec>uge_abels_RapidILL_BOOK</setSpec><setSpec>uge_dbu_RapidILL_BOOK</setSpec><setSpec>uge_cmu_RapidILL_BOOK</setSpec><setSpec>uge_mail_RapidILL_BOOK</setSpec><setSpec>uge_abbat_RapidILL_BOOK</setSpec><setSpec>UNIGE_ALL</setSpec><setSpec>uge_aobs_RapidILL_BOOK</setSpec><setSpec>uge_acar_RapidILL_BOOK</setSpec></header><metadata>
<record xmlns="http://www.loc.gov/MARC21/slim" xmlns:xsi="http://www.w3.org/2001/XMLSchema-instance" xsi:schemaLocation="http://www.loc.gov/MARC21/slim http://www.loc.gov/standards/marcxml/schema/MARC21slim.xsd"><leader>01012nam a2200277 c 4500</leader><controlfield tag="001">991000106939705502</controlfield><controlfield tag="005">20230330224530.0</controlfield><controlfield tag="008">920429s1992    xxk||||| |||| 00| ||eng d</controlfield><datafield ind1=" " ind2=" " tag="020"><subfield code="a">0903317761</subfield></datafield><datafield ind1=" " ind2=" " tag="035"><subfield code="a">(swissbib)08651377X-41slsp_network</subfield></datafield><datafield ind1=" " ind2=" " tag="035"><subfield code="a">08651377X</subfield><subfield code="9">ExL</subfield></datafield><datafield ind1=" " ind2=" " tag="035"><subfield code="a">(RERO)1521286-41slsp</subfield></datafield><datafield ind1=" " ind2=" " tag="035"><subfield code="a">(EXLNZ-41SLSP_NETWORK)991045452109705501</subfield></datafield><datafield ind1=" " ind2=" " tag="040"><subfield code="a">RERO lausst</subfield><subfield code="d">CH-ZuSLS</subfield></datafield><datafield ind1=" " ind2="7" tag="072"><subfield code="a">st</subfield><subfield code="2">rero</subfield></datafield><datafield ind1="0" ind2="0" tag="245"><subfield code="a">Basins on the Atlantic seaboard</subfield><subfield code="b">petroleum geology, sedimentology and basin evolution</subfield><subfield code="c">ed. by J. Parnell</subfield></datafield><datafield ind1=" " ind2="1" tag="264"><subfield code="a">London</subfield><subfield code="b">The Geological Society</subfield><subfield code="c">1992</subfield></datafield><datafield ind1=" " ind2=" " tag="300"><subfield code="a">VIII, 470 p.</subfield><subfield code="b">ill.</subfield><subfield code="c">26 cm</subfield></datafield><datafield ind1=" " ind2=" " tag="336"><subfield code="b">txt</subfield><subfield code="2">rdacontent</subfield></datafield><datafield ind1=" " ind2=" " tag="337"><subfield code="b">n</subfield><subfield code="2">rdamedia</subfield></datafield><datafield ind1=" " ind2=" " tag="338"><subfield code="b">nc</subfield><subfield code="2">rdacarrier</subfield></datafield><datafield ind1="1" ind2=" " tag="490"><subfield code="a">Geological Society special publication</subfield><subfield code="v">no. 62</subfield></datafield><datafield ind1=" " ind2="7" tag="650"><subfield code="a">Hydrocarbures</subfield><subfield code="0">(IDREF)027296415</subfield><subfield code="2">idref</subfield></datafield><datafield ind1=" " ind2="7" tag="651"><subfield code="a">Atlantique (bassin) - nord</subfield><subfield code="0">(RERO)A010046976</subfield><subfield code="2">rero</subfield></datafield><datafield ind1="1" ind2=" " tag="700"><subfield code="a">Parnell, John</subfield><subfield code="0">(RERO)A003671704</subfield></datafield><datafield ind1=" " ind2=" " tag="830"><subfield code="a">Special publication</subfield><subfield code="g">Geological Society of London</subfield><subfield code="v">62</subfield><subfield code="w">(RERO)0766192-41slsp</subfield></datafield><datafield ind1=" " ind2=" " tag="900"><subfield code="a">REROnoselfmerge</subfield></datafield></record>
</metadata></record>