<record><header><identifier>oai:alma.41SLSP_UGE:991000107259705502</identifier><datestamp>2024-06-28T00:08:53Z</datestamp><setSpec>uge_bcen_RapidILL_BOOK</setSpec><setSpec>uge_aaca_RapidILL_BOOK</setSpec><setSpec>uge_abels_RapidILL_BOOK</setSpec><setSpec>uge_dbu_RapidILL_BOOK</setSpec><setSpec>uge_cmu_RapidILL_BOOK</setSpec><setSpec>uge_mail_RapidILL_BOOK</setSpec><setSpec>uge_abbat_RapidILL_BOOK</setSpec><setSpec>UNIGE_ALL</setSpec><setSpec>uge_aobs_RapidILL_BOOK</setSpec><setSpec>uge_acar_RapidILL_BOOK</setSpec></header><metadata>
<record xmlns="http://www.loc.gov/MARC21/slim" xmlns:xsi="http://www.w3.org/2001/XMLSchema-instance" xsi:schemaLocation="http://www.loc.gov/MARC21/slim http://www.loc.gov/standards/marcxml/schema/MARC21slim.xsd"><leader>02866nam a2200613 c 4500</leader><controlfield tag="001">991000107259705502</controlfield><controlfield tag="005">20240627090446.0</controlfield><controlfield tag="008">201011s2000    xxu||||| |||| 10| ||eng d</controlfield><datafield ind1=" " ind2=" " tag="010"><subfield code="a">2001270101</subfield></datafield><datafield ind1=" " ind2=" " tag="015"><subfield code="a">GBA3-9544</subfield></datafield><datafield ind1=" " ind2=" " tag="020"><subfield code="a">9780891813545</subfield></datafield><datafield ind1=" " ind2=" " tag="020"><subfield code="a">0891813543</subfield></datafield><datafield ind1=" " ind2=" " tag="035"><subfield code="a">(swissbib)225166569-41slsp_network</subfield></datafield><datafield ind1=" " ind2=" " tag="035"><subfield code="a">225166569</subfield><subfield code="9">ExL</subfield></datafield><datafield ind1=" " ind2=" " tag="035"><subfield code="a">(RERO)R003237415-41slsp</subfield></datafield><datafield ind1=" " ind2=" " tag="035"><subfield code="a">(NEBIS)005253358EBI01</subfield></datafield><datafield ind1=" " ind2=" " tag="035"><subfield code="a">(IDSBB)003256200DSV01</subfield></datafield><datafield ind1=" " ind2=" " tag="035"><subfield code="a">(Uk)gb-A3009544-</subfield></datafield><datafield ind1=" " ind2=" " tag="035"><subfield code="a">(EXLNZ-41SLSP_NETWORK)991092034429705501</subfield></datafield><datafield ind1=" " ind2=" " tag="040"><subfield code="a">RERO neusge</subfield><subfield code="d">CH-ZuSLS</subfield></datafield><datafield ind1=" " ind2="7" tag="072"><subfield code="a">st</subfield><subfield code="2">rero</subfield></datafield><datafield ind1=" " ind2="7" tag="072"><subfield code="a">ge</subfield><subfield code="2">SzZuIDS BS/BE</subfield></datafield><datafield ind1="0" ind2="4" tag="082"><subfield code="a">553.28091635</subfield><subfield code="2">21</subfield></datafield><datafield ind1="0" ind2="0" tag="245"><subfield code="a">&lt;&lt;The&gt;&gt; petroleum systems of South Atlantic margins</subfield><subfield code="b">an outgrowth of the AAPG/ABGP Hedberg research symposium, Rio de Janeiro, Brazil, November 16-19, 1997</subfield><subfield code="c">ed. by Marcio Rocha Mello and Barry J. Katz</subfield></datafield><datafield ind1=" " ind2="1" tag="264"><subfield code="a">Tulsa Okla.</subfield><subfield code="b">The American Association of Petroleum Geologists</subfield><subfield code="a">[Rio de Janeiro]</subfield><subfield code="b">Petrobas</subfield><subfield code="c">2000</subfield></datafield><datafield ind1=" " ind2=" " tag="300"><subfield code="a">VIII, 451 p.</subfield><subfield code="b">ill.</subfield><subfield code="c">29 cm</subfield></datafield><datafield ind1=" " ind2=" " tag="336"><subfield code="b">txt</subfield><subfield code="2">rdacontent</subfield></datafield><datafield ind1=" " ind2=" " tag="337"><subfield code="b">n</subfield><subfield code="2">rdamedia</subfield></datafield><datafield ind1=" " ind2=" " tag="338"><subfield code="b">nc</subfield><subfield code="2">rdacarrier</subfield></datafield><datafield ind1="1" ind2=" " tag="490"><subfield code="a">AAPG memoir</subfield><subfield code="v">73</subfield></datafield><datafield ind1=" " ind2=" " tag="500"><subfield code="a">Conference proceedings</subfield></datafield><datafield ind1=" " ind2=" " tag="504"><subfield code="a">Includes bibliographical references and index</subfield></datafield><datafield ind1=" " ind2="7" tag="650"><subfield code="a">Tectonique des plaques</subfield><subfield code="0">(IDREF)027253619</subfield><subfield code="2">idref</subfield></datafield><datafield ind1=" " ind2="7" tag="650"><subfield code="a">Stratigraphie séquentielle</subfield><subfield code="0">(IDREF)031434320</subfield><subfield code="2">idref</subfield></datafield><datafield ind1=" " ind2="7" tag="650"><subfield code="a">Marges continentales</subfield><subfield code="0">(IDREF)027578364</subfield><subfield code="2">idref</subfield></datafield><datafield ind1=" " ind2="7" tag="650"><subfield code="a">Bassins sédimentaires</subfield><subfield code="0">(IDREF)030106931</subfield><subfield code="2">idref</subfield></datafield><datafield ind1=" " ind2="0" tag="650"><subfield code="a">Petroleum</subfield><subfield code="x">Geology</subfield><subfield code="z">South Atlantic Ocean</subfield><subfield code="v">Congresses</subfield></datafield><datafield ind1=" " ind2="7" tag="650"><subfield code="a">ATLANTIC OCEAN SECTOR OF ANTARCTIC OCEAN</subfield><subfield code="9">eng</subfield><subfield code="0">(ETHUDK)000051957</subfield><subfield code="2">ethudk</subfield></datafield><datafield ind1=" " ind2="7" tag="650"><subfield code="a">MINERAL RESOURCES + MINERAL RESERVES (MINERAL DEPOSITS)</subfield><subfield code="9">eng</subfield><subfield code="0">(ETHUDK)000020628</subfield><subfield code="2">ethudk</subfield></datafield><datafield ind1=" " ind2="7" tag="650"><subfield code="a">PETROLEUM DEPOSITS</subfield><subfield code="9">eng</subfield><subfield code="0">(ETHUDK)000020784</subfield><subfield code="2">ethudk</subfield></datafield><datafield ind1=" " ind2="7" tag="650"><subfield code="a">SOURCE ROCKS, PETROLEUM (MINERAL DEPOSITS)</subfield><subfield code="9">eng</subfield><subfield code="0">(ETHUDK)000020786</subfield><subfield code="2">ethudk</subfield></datafield><datafield ind1=" " ind2="7" tag="650"><subfield code="a">Erdölgeologie</subfield><subfield code="z">Südatlantik</subfield><subfield code="v">Kongressbericht</subfield><subfield code="2">idsbb</subfield></datafield><datafield ind1=" " ind2="7" tag="651"><subfield code="a">Atlantique (océan) - sud</subfield><subfield code="0">(RERO)A010046990</subfield><subfield code="2">rero</subfield></datafield><datafield ind1=" " ind2="7" tag="655"><subfield code="a">Konferenzschrift</subfield><subfield code="z">Rio Grande (Brazil)</subfield><subfield code="y">1997</subfield><subfield code="2">gnd-content</subfield></datafield><datafield ind1=" " ind2="7" tag="655"><subfield code="a">Konferenzschrift</subfield><subfield code="z">Rio de Janeiro</subfield><subfield code="y">1997</subfield><subfield code="2">gnd-content</subfield></datafield><datafield ind1="1" ind2=" " tag="700"><subfield code="a">Katz, Barry Jay</subfield><subfield code="0">(IDREF)079025633</subfield></datafield><datafield ind1="1" ind2=" " tag="700"><subfield code="a">Mello, Márcio Rocha</subfield><subfield code="0">(RERO)A008927586</subfield></datafield><datafield ind1="2" ind2=" " tag="710"><subfield code="a">American Association of Petroleum Geologists</subfield><subfield code="0">(DE-588)5186-X</subfield></datafield><datafield ind1="2" ind2=" " tag="710"><subfield code="a">Associação Brasileira de Geólogos de Petróleo</subfield><subfield code="0">(DE-588)6030187-9</subfield></datafield><datafield ind1="2" ind2=" " tag="711"><subfield code="a">Hedberg Research Symposium</subfield><subfield code="d">1997</subfield><subfield code="c">Rio de Janeiro</subfield><subfield code="0">(DE-588)1704666-X</subfield></datafield><datafield ind1="2" ind2=" " tag="711"><subfield code="a">Hedberg Research Symposium</subfield><subfield code="d">1997</subfield><subfield code="c">Rio de Janeiro</subfield><subfield code="0">(RERO)A012325164</subfield></datafield><datafield ind1="4" ind2=" " tag="856"><subfield code="3">Abstract / Autoreninformation</subfield><subfield code="u">https://toc.library.ethz.ch/objects/pdf/000171523_e01_0891813543_02.pdf</subfield><subfield code="q">pdf</subfield></datafield><datafield ind1=" " ind2=" " tag="830"><subfield code="a">AAPG memoir</subfield><subfield code="v">73</subfield><subfield code="w">(NEBIS)000013584EBI01</subfield></datafield><datafield ind1=" " ind2=" " tag="830"><subfield code="a">AAPG memoir</subfield><subfield code="v">73</subfield><subfield code="w">(IDSBB)000000546DSV01</subfield></datafield><datafield ind1=" " ind2=" " tag="900"><subfield code="a">REROnoselfmerge</subfield></datafield></record>
</metadata></record>