<record><header><identifier>oai:alma.41SLSP_UGE:991000107049705502</identifier><datestamp>2023-03-01T01:10:20Z</datestamp><setSpec>uge_bcen_RapidILL_BOOK</setSpec><setSpec>uge_aaca_RapidILL_BOOK</setSpec><setSpec>uge_abels_RapidILL_BOOK</setSpec><setSpec>uge_dbu_RapidILL_BOOK</setSpec><setSpec>uge_cmu_RapidILL_BOOK</setSpec><setSpec>uge_mail_RapidILL_BOOK</setSpec><setSpec>UNIGE_ALL</setSpec><setSpec>uge_abbat_RapidILL_BOOK</setSpec><setSpec>uge_aobs_RapidILL_BOOK</setSpec><setSpec>uge_acar_RapidILL_BOOK</setSpec></header><metadata>
<record xmlns="http://www.loc.gov/MARC21/slim" xmlns:xsi="http://www.w3.org/2001/XMLSchema-instance" xsi:schemaLocation="http://www.loc.gov/MARC21/slim http://www.loc.gov/standards/marcxml/schema/MARC21slim.xsd"><leader>01372nam a2200301 c 4500</leader><controlfield tag="001">991000107049705502</controlfield><controlfield tag="005">20201230232326.0</controlfield><controlfield tag="008">201011s1999    fr ||||| |||| 10| ||fre d</controlfield><datafield ind1=" " ind2=" " tag="020"><subfield code="a">2951347006</subfield></datafield><datafield ind1=" " ind2=" " tag="035"><subfield code="a">(swissbib)226144429-41slsp_network</subfield></datafield><datafield ind1=" " ind2=" " tag="035"><subfield code="a">226144429</subfield><subfield code="9">ExL</subfield></datafield><datafield ind1=" " ind2=" " tag="035"><subfield code="a">(RERO)R276386860-41slsp</subfield></datafield><datafield ind1=" " ind2=" " tag="035"><subfield code="a">(IDSBB)004744858DSV01</subfield></datafield><datafield ind1=" " ind2=" " tag="035"><subfield code="a">(EXLNZ-41SLSP_NETWORK)991141077809705501</subfield></datafield><datafield ind1=" " ind2=" " tag="040"><subfield code="a">RERO geussa</subfield><subfield code="d">CH-ZuSLS</subfield></datafield><datafield ind1=" " ind2="7" tag="072"><subfield code="a">ar</subfield><subfield code="2">rero</subfield></datafield><datafield ind1="0" ind2="0" tag="245"><subfield code="a">Préhistoire de l'espace habité en France du sud et actualité de la recherche</subfield><subfield code="b">actes des Premières rencontres méridionales de préhistoire récente, Valence, 3 et 4 juin 1994</subfield><subfield code="c">publiés sous la dir. de Alain Beeching et Joël Vital</subfield></datafield><datafield ind1=" " ind2="1" tag="264"><subfield code="a">Valence</subfield><subfield code="b">Edition CAP</subfield><subfield code="c">1999</subfield></datafield><datafield ind1=" " ind2=" " tag="300"><subfield code="a">293 p.</subfield><subfield code="b">ill.</subfield><subfield code="c">30 cm</subfield></datafield><datafield ind1=" " ind2=" " tag="336"><subfield code="b">txt</subfield><subfield code="2">rdacontent</subfield></datafield><datafield ind1=" " ind2=" " tag="337"><subfield code="b">n</subfield><subfield code="2">rdamedia</subfield></datafield><datafield ind1=" " ind2=" " tag="338"><subfield code="b">nc</subfield><subfield code="2">rdacarrier</subfield></datafield><datafield ind1="1" ind2=" " tag="490"><subfield code="a">Travaux du Centre d'archéologie préhistorique de Valence</subfield><subfield code="v">no 1</subfield></datafield><datafield ind1=" " ind2="7" tag="655"><subfield code="a">Konferenzschrift</subfield><subfield code="z">Valence (Departement Drôme)</subfield><subfield code="y">1994</subfield><subfield code="2">gnd-content</subfield></datafield><datafield ind1="1" ind2=" " tag="700"><subfield code="a">Beeching, Alain</subfield><subfield code="d">1946-....</subfield><subfield code="0">(IDREF)031048986</subfield></datafield><datafield ind1="2" ind2=" " tag="711"><subfield code="a">Rencontres méridionales de préhistoire récente</subfield><subfield code="n">1</subfield><subfield code="d">1994</subfield><subfield code="c">Valence</subfield><subfield code="0">(RERO)A012488007</subfield></datafield><datafield ind1=" " ind2=" " tag="830"><subfield code="a">Travaux du Centre d'Archéologie Préhistorique de Valence</subfield><subfield code="v">1</subfield><subfield code="w">(IDSBB)002452915DSV01</subfield></datafield><datafield ind1=" " ind2=" " tag="830"><subfield code="a">Travaux du Centre d'Archéologie Préhistorique de Valence</subfield><subfield code="v">1</subfield><subfield code="w">(RERO)R276041660-41slsp</subfield></datafield><datafield ind1=" " ind2=" " tag="900"><subfield code="a">REROnoselfmerge</subfield></datafield></record>
</metadata></record>