<record><header><identifier>oai:alma.41SLSP_UGE:991000107679705502</identifier><datestamp>2023-12-07T01:21:05Z</datestamp><setSpec>uge_bcen_RapidILL_BOOK</setSpec><setSpec>uge_aaca_RapidILL_BOOK</setSpec><setSpec>uge_abels_RapidILL_BOOK</setSpec><setSpec>uge_dbu_RapidILL_BOOK</setSpec><setSpec>uge_cmu_RapidILL_BOOK</setSpec><setSpec>uge_mail_RapidILL_BOOK</setSpec><setSpec>uge_abbat_RapidILL_BOOK</setSpec><setSpec>UNIGE_ALL</setSpec><setSpec>uge_acar_RapidILL_BOOK</setSpec><setSpec>uge_aobs_RapidILL_BOOK</setSpec></header><metadata>
<record xmlns="http://www.loc.gov/MARC21/slim" xmlns:xsi="http://www.w3.org/2001/XMLSchema-instance" xsi:schemaLocation="http://www.loc.gov/MARC21/slim http://www.loc.gov/standards/marcxml/schema/MARC21slim.xsd"><leader>01953nam a2200301 c 4500</leader><controlfield tag="001">991000107679705502</controlfield><controlfield tag="005">20230119204832.0</controlfield><controlfield tag="008">140507s2013    fr ||||| |||| 00| ||fre d</controlfield><datafield ind1=" " ind2=" " tag="020"><subfield code="a">9782081307766</subfield></datafield><datafield ind1=" " ind2=" " tag="035"><subfield code="a">(swissbib)119653761-41slsp_network</subfield></datafield><datafield ind1=" " ind2=" " tag="035"><subfield code="a">119653761</subfield><subfield code="9">ExL</subfield></datafield><datafield ind1=" " ind2=" " tag="035"><subfield code="a">(RERO)R007727957-41slsp</subfield></datafield><datafield ind1=" " ind2=" " tag="035"><subfield code="a">(EXLNZ-41SLSP_NETWORK)991140548299705501</subfield></datafield><datafield ind1=" " ind2=" " tag="040"><subfield code="a">RERO geulph</subfield><subfield code="d">CH-ZuSLS</subfield></datafield><datafield ind1=" " ind2="7" tag="072"><subfield code="a">ph</subfield><subfield code="2">rero</subfield></datafield><datafield ind1="1" ind2=" " tag="100"><subfield code="a">Droit, Roger-Pol</subfield><subfield code="c">philosophe</subfield><subfield code="d">1949-....</subfield><subfield code="0">(IDREF)029502705</subfield><subfield code="4">cre</subfield></datafield><datafield ind1="1" ind2="0" tag="245"><subfield code="a">Maîtres à penser</subfield><subfield code="b">20 philosophes qui ont fait le XXe siècle</subfield><subfield code="c">Roger-Pol Droit</subfield></datafield><datafield ind1=" " ind2="1" tag="264"><subfield code="a">[Paris]</subfield><subfield code="b">Flammarion</subfield><subfield code="c">2013</subfield></datafield><datafield ind1=" " ind2=" " tag="300"><subfield code="a">319 p.</subfield></datafield><datafield ind1=" " ind2=" " tag="336"><subfield code="b">txt</subfield><subfield code="2">rdacontent</subfield></datafield><datafield ind1=" " ind2=" " tag="337"><subfield code="b">n</subfield><subfield code="2">rdamedia</subfield></datafield><datafield ind1=" " ind2=" " tag="338"><subfield code="b">nc</subfield><subfield code="2">rdacarrier</subfield></datafield><datafield ind1="1" ind2=" " tag="490"><subfield code="a">Champs. Essais</subfield><subfield code="v">1093</subfield></datafield><datafield ind1="8" ind2=" " tag="520"><subfield code="a">Vous croyez inaccessibles les pensées modernes ? Vous aimeriez savoir ce que Derrida appelle &quot;déconstruction&quot;, Levinas &quot;visage&quot;, Foucault &quot;mort de l'homme&quot;? Vous ne voyez pas très nettement ce que William James nomme &quot;pragmatisme&quot;, Husserl &quot;phénoménologie&quot;, Lévi-Strauss &quot;anthropologie structurale&quot;? Vous souhaitez comprendre le &quot;devenir animal&quot; chez Deleuze ou l'&quot;agir communicationnel&quot; selon Habermas? Ce livre est pour vous. Il permet d'approcher les grands philosophes du XXe siècle de manière vivante, claire et directe. Maîtres à penser propose un voyage en vingt épisodes dans les idées contemporaines, de Bergson à nos jours. En grand pédagogue, Roger-Pol Droit n'évoque pas seulement des théoriciens, mais aussi des personnages de chair et de sang, pris dans une époque tourmentée. En exposant leurs démarches, leurs combats et leur influence sur le siècle, il met en lumière les enjeux majeurs des débats d'aujourd'hui.</subfield><subfield code="5">RERO/vdbstl/12.2011</subfield></datafield><datafield ind1=" " ind2="7" tag="650"><subfield code="a">Philosophes</subfield><subfield code="0">(IDREF)027246736</subfield><subfield code="2">idref</subfield></datafield><datafield ind1=" " ind2="7" tag="650"><subfield code="a">Philosophie</subfield><subfield code="0">(IDREF)027295206</subfield><subfield code="2">idref</subfield></datafield><datafield ind1=" " ind2="7" tag="650"><subfield code="a">20e siècle</subfield><subfield code="0">(IDREF)086305646</subfield><subfield code="2">idref</subfield></datafield><datafield ind1=" " ind2=" " tag="830"><subfield code="a">Champs</subfield><subfield code="p">Flammarion</subfield><subfield code="v">1093</subfield><subfield code="w">(RERO)0337374-41slsp</subfield></datafield><datafield ind1=" " ind2=" " tag="900"><subfield code="a">REROnoselfmerge</subfield></datafield></record>
</metadata></record>