<record><header><identifier>oai:alma.41SLSP_UGE:991000107369705502</identifier><datestamp>2023-10-19T00:47:05Z</datestamp><setSpec>uge_bcen_RapidILL_BOOK</setSpec><setSpec>uge_aaca_RapidILL_BOOK</setSpec><setSpec>uge_abels_RapidILL_BOOK</setSpec><setSpec>uge_dbu_RapidILL_BOOK</setSpec><setSpec>uge_cmu_RapidILL_BOOK</setSpec><setSpec>uge_mail_RapidILL_BOOK</setSpec><setSpec>uge_abbat_RapidILL_BOOK</setSpec><setSpec>UNIGE_ALL</setSpec><setSpec>uge_aobs_RapidILL_BOOK</setSpec><setSpec>uge_acar_RapidILL_BOOK</setSpec></header><metadata>
<record xmlns="http://www.loc.gov/MARC21/slim" xmlns:xsi="http://www.w3.org/2001/XMLSchema-instance" xsi:schemaLocation="http://www.loc.gov/MARC21/slim http://www.loc.gov/standards/marcxml/schema/MARC21slim.xsd"><leader>03128nam a2200757 c 4500</leader><controlfield tag="001">991000107369705502</controlfield><controlfield tag="005">20230623130017.0</controlfield><controlfield tag="008">201011t20082008enk           00| | eng| </controlfield><datafield ind1=" " ind2=" " tag="010"><subfield code="a">2008009311</subfield></datafield><datafield ind1=" " ind2=" " tag="015"><subfield code="a">GBA865674</subfield><subfield code="2">bnb</subfield></datafield><datafield ind1="7" ind2=" " tag="016"><subfield code="a">B2993-000929</subfield><subfield code="2">SzZuIDS</subfield></datafield><datafield ind1=" " ind2=" " tag="020"><subfield code="a">9780199533381</subfield><subfield code="q">hbk.</subfield><subfield code="c">£55.00</subfield></datafield><datafield ind1=" " ind2=" " tag="020"><subfield code="a">0199533385</subfield><subfield code="q">hbk.</subfield></datafield><datafield ind1="7" ind2=" " tag="024"><subfield code="a">http://catalogue.bnf.fr/ark:/12148/cb420696971</subfield><subfield code="2">uri</subfield></datafield><datafield ind1=" " ind2=" " tag="035"><subfield code="a">(swissbib)212380958-41slsp_network</subfield></datafield><datafield ind1=" " ind2=" " tag="035"><subfield code="a">212380958</subfield><subfield code="9">ExL</subfield></datafield><datafield ind1=" " ind2=" " tag="035"><subfield code="a">(NEBIS)005581065EBI01</subfield></datafield><datafield ind1=" " ind2=" " tag="035"><subfield code="a">(RERO)R004712038-41slsp</subfield></datafield><datafield ind1=" " ind2=" " tag="035"><subfield code="a">(IDSBB)004559627DSV01</subfield></datafield><datafield ind1=" " ind2=" " tag="035"><subfield code="a">(EXLNZ-41SLSP_NETWORK)991112216549705501</subfield></datafield><datafield ind1=" " ind2=" " tag="040"><subfield code="a">DLC</subfield><subfield code="d">CH-ZuSLS</subfield><subfield code="b">ger</subfield><subfield code="e">rda</subfield></datafield><datafield ind1=" " ind2=" " tag="050"><subfield code="a">PA6030.W7</subfield><subfield code="b">D88 2008</subfield></datafield><datafield ind1=" " ind2="7" tag="072"><subfield code="a">la</subfield><subfield code="2">rero</subfield></datafield><datafield ind1=" " ind2="7" tag="072"><subfield code="a">kp</subfield><subfield code="2">SzZuIDS BS/BE</subfield></datafield><datafield ind1="0" ind2="4" tag="082"><subfield code="a">305.309</subfield><subfield code="2">22/ger</subfield></datafield><datafield ind1="0" ind2="4" tag="082"><subfield code="a">872 .01093522</subfield><subfield code="2">22</subfield></datafield><datafield ind1="0" ind2="4" tag="082"><subfield code="a">872.01093522</subfield><subfield code="2">22</subfield></datafield><datafield ind1="1" ind2="4" tag="082"><subfield code="a">872.01093522</subfield><subfield code="2">22</subfield></datafield><datafield ind1=" " ind2=" " tag="084"><subfield code="a">FT 20400</subfield><subfield code="2">rvk</subfield></datafield><datafield ind1="1" ind2=" " tag="100"><subfield code="a">Dutsch, Dorota</subfield><subfield code="d">1965-</subfield><subfield code="6">880-01</subfield><subfield code="0">(DE-588)1088763340</subfield><subfield code="4">aut</subfield></datafield><datafield ind1="1" ind2=" " tag="880"><subfield code="6">100-01/(B</subfield><subfield code="a">Dutsch, Dorota M.</subfield><subfield code="0">(IDREF)127611312</subfield><subfield code="4">cre</subfield></datafield><datafield ind1="1" ind2="0" tag="245"><subfield code="a">Feminine discourse in Roman comedy</subfield><subfield code="b">on echoes and voices</subfield><subfield code="c">Dorota M. Dutsch</subfield></datafield><datafield ind1=" " ind2="1" tag="264"><subfield code="a">Oxford</subfield><subfield code="b">Oxford University Press</subfield><subfield code="c">2008</subfield></datafield><datafield ind1=" " ind2="4" tag="264"><subfield code="c">© 2008</subfield></datafield><datafield ind1=" " ind2=" " tag="300"><subfield code="a">XIII, 278 Seiten</subfield></datafield><datafield ind1=" " ind2=" " tag="336"><subfield code="b">txt</subfield><subfield code="2">rdacontent</subfield></datafield><datafield ind1=" " ind2=" " tag="337"><subfield code="b">n</subfield><subfield code="2">rdamedia</subfield></datafield><datafield ind1=" " ind2=" " tag="338"><subfield code="b">nc</subfield><subfield code="2">rdacarrier</subfield></datafield><datafield ind1="0" ind2=" " tag="490"><subfield code="a">Oxford studies in classical literature and gender theory</subfield></datafield><datafield ind1=" " ind2=" " tag="504"><subfield code="a">Literaturverzeichnis: Seiten 232-257</subfield></datafield><datafield ind1="0" ind2=" " tag="505"><subfield code="a">Introduction : reading towards the other -- Plautus' Pharmacy -- Of pain and laughter -- (Wo)men of Bacchus -- Father tongue, mother tongue : the back-story and the forth-story</subfield></datafield><datafield ind1="1" ind2="0" tag="600"><subfield code="a">Plautus, Titus Maccius</subfield><subfield code="x">Characters</subfield><subfield code="x">Women</subfield></datafield><datafield ind1="0" ind2="0" tag="600"><subfield code="a">Terence</subfield><subfield code="x">Characters</subfield><subfield code="x">Women</subfield></datafield><datafield ind1="0" ind2="0" tag="600"><subfield code="a">Plautus, Titus Maccius</subfield><subfield code="x">Characters</subfield><subfield code="x">Women</subfield></datafield><datafield ind1="0" ind2="7" tag="600"><subfield code="a">Plaute</subfield><subfield code="d">0254-0184 av. J.-C.</subfield><subfield code="0">(IDREF)026668092</subfield><subfield code="2">idref</subfield></datafield><datafield ind1="0" ind2="7" tag="600"><subfield code="a">Térence</subfield><subfield code="d">0190?-0159 av. J.-C.</subfield><subfield code="0">(IDREF)026672588</subfield><subfield code="2">idref</subfield></datafield><datafield ind1=" " ind2="7" tag="650"><subfield code="a">Komödie</subfield><subfield code="2">idszbz</subfield></datafield><datafield ind1=" " ind2="7" tag="650"><subfield code="a">Latein</subfield><subfield code="2">idszbz</subfield></datafield><datafield ind1=" " ind2="7" tag="650"><subfield code="a">Frau</subfield><subfield code="2">idszbz</subfield></datafield><datafield ind1=" " ind2="7" tag="650"><subfield code="a">Sprachstil</subfield><subfield code="2">idszbz</subfield></datafield><datafield ind1=" " ind2="0" tag="650"><subfield code="a">Plautus</subfield><subfield code="x">Characters</subfield><subfield code="x">Women</subfield></datafield><datafield ind1=" " ind2="0" tag="650"><subfield code="a">Terence</subfield><subfield code="x">Characters</subfield><subfield code="x">Women</subfield></datafield><datafield ind1=" " ind2="0" tag="650"><subfield code="a">Latin drama (Comedy)</subfield><subfield code="x">History and criticism</subfield></datafield><datafield ind1=" " ind2="0" tag="650"><subfield code="a">Women in literature</subfield></datafield><datafield ind1=" " ind2="7" tag="650"><subfield code="a">Comédie latine</subfield><subfield code="0">(IDREF)028450922</subfield><subfield code="2">idref</subfield></datafield><datafield ind1=" " ind2="7" tag="650"><subfield code="a">Comédie</subfield><subfield code="0">(IDREF)027230457</subfield><subfield code="2">idref</subfield></datafield><datafield ind1=" " ind2="7" tag="650"><subfield code="a">Femmes</subfield><subfield code="0">(IDREF)027537242</subfield><subfield code="2">idref</subfield></datafield><datafield ind1=" " ind2="7" tag="650"><subfield code="a">Latein</subfield><subfield code="0">(DE-588)4114364-4</subfield><subfield code="2">gnd</subfield></datafield><datafield ind1=" " ind2="7" tag="650"><subfield code="a">Komödie</subfield><subfield code="0">(DE-588)4031952-0</subfield><subfield code="2">gnd</subfield></datafield><datafield ind1=" " ind2="7" tag="650"><subfield code="a">Frau</subfield><subfield code="0">(DE-588)4018202-2</subfield><subfield code="2">gnd</subfield></datafield><datafield ind1=" " ind2="7" tag="650"><subfield code="a">Sprachstil</subfield><subfield code="0">(DE-588)4132483-3</subfield><subfield code="2">gnd</subfield></datafield><datafield ind1=" " ind2="7" tag="650"><subfield code="a">Komödie</subfield><subfield code="z">lateinische</subfield><subfield code="x">Motiv</subfield><subfield code="x">Frau</subfield><subfield code="2">idsbb</subfield></datafield><datafield ind1=" " ind2="7" tag="650"><subfield code="a">Frau</subfield><subfield code="x">Motiv</subfield><subfield code="x">Komödie</subfield><subfield code="z">lateinische</subfield><subfield code="2">idsbb</subfield></datafield><datafield ind1=" " ind2=" " tag="691"><subfield code="e">872.0109</subfield><subfield code="a">Poesia drammatica e letteratura drammatica latina, origini-499. Storia, descrizione, studi critici</subfield><subfield code="2">usi-TE</subfield></datafield><datafield ind1="4" ind2=" " tag="856"><subfield code="3">Titelblatt und Inhaltsverzeichnis</subfield><subfield code="u">https://toc.library.ethz.ch/objects/pdf/z01_978-0-19-953338-1_01.pdf</subfield><subfield code="q">pdf</subfield></datafield><datafield ind1=" " ind2=" " tag="900"><subfield code="a">IDSZ2zbzmon200809f</subfield><subfield code="c">IDSZ2stad</subfield><subfield code="d">IDSZ2zbzswk200812b</subfield><subfield code="e">IDSZ2seid</subfield></datafield><datafield ind1=" " ind2=" " tag="949"><subfield code="a">https://toc.library.ethz.ch/objects/pdf/z01_978-0-19-953338-1_01.pdf</subfield></datafield></record>
</metadata></record>