<record><header><identifier>oai:alma.41SLSP_UGE:991000107789705502</identifier><datestamp>2023-05-10T00:13:38Z</datestamp><setSpec>uge_bcen_RapidILL_BOOK</setSpec><setSpec>uge_aaca_RapidILL_BOOK</setSpec><setSpec>uge_abels_RapidILL_BOOK</setSpec><setSpec>uge_dbu_RapidILL_BOOK</setSpec><setSpec>uge_cmu_RapidILL_BOOK</setSpec><setSpec>uge_mail_RapidILL_BOOK</setSpec><setSpec>uge_abbat_RapidILL_BOOK</setSpec><setSpec>UNIGE_ALL</setSpec><setSpec>uge_aobs_RapidILL_BOOK</setSpec><setSpec>uge_acar_RapidILL_BOOK</setSpec></header><metadata>
<record xmlns="http://www.loc.gov/MARC21/slim" xmlns:xsi="http://www.w3.org/2001/XMLSchema-instance" xsi:schemaLocation="http://www.loc.gov/MARC21/slim http://www.loc.gov/standards/marcxml/schema/MARC21slim.xsd"><leader>02231nam a2200577 c 4500</leader><controlfield tag="001">991000107789705502</controlfield><controlfield tag="005">20230509163539.0</controlfield><controlfield tag="008">201011s2015    enk           00| | eng| </controlfield><datafield ind1=" " ind2=" " tag="020"><subfield code="a">0198734905</subfield></datafield><datafield ind1=" " ind2=" " tag="020"><subfield code="a">9780198734901</subfield></datafield><datafield ind1=" " ind2=" " tag="035"><subfield code="a">(swissbib)224555987-41slsp_network</subfield></datafield><datafield ind1=" " ind2=" " tag="035"><subfield code="a">224555987</subfield><subfield code="9">ExL</subfield></datafield><datafield ind1=" " ind2=" " tag="035"><subfield code="a">(NEBIS)010572541EBI01</subfield></datafield><datafield ind1=" " ind2=" " tag="035"><subfield code="a">(RERO)R008081293-41slsp</subfield></datafield><datafield ind1=" " ind2=" " tag="035"><subfield code="a">(OCoLC)923783576</subfield></datafield><datafield ind1=" " ind2=" " tag="035"><subfield code="a">(EXLNZ-41SLSP_NETWORK)991070717289705501</subfield></datafield><datafield ind1=" " ind2=" " tag="040"><subfield code="a">AU@</subfield><subfield code="b">ger</subfield><subfield code="e">rda</subfield><subfield code="d">CH-ZuSLS</subfield></datafield><datafield ind1=" " ind2="7" tag="072"><subfield code="a">an</subfield><subfield code="2">rero</subfield></datafield><datafield ind1="0" ind2="4" tag="082"><subfield code="a">398.92103</subfield></datafield><datafield ind1="1" ind2="4" tag="082"><subfield code="a">420</subfield><subfield code="2">15</subfield></datafield><datafield ind1=" " ind2=" " tag="084"><subfield code="a">HE 315</subfield><subfield code="2">rvk</subfield></datafield><datafield ind1="0" ind2="0" tag="245"><subfield code="a">Oxford dictionary of proverbs</subfield><subfield code="c">edited by Jennifer Speake ; previously co-edited with John Simpson</subfield></datafield><datafield ind1="1" ind2="0" tag="246"><subfield code="a">Proverbs</subfield></datafield><datafield ind1=" " ind2=" " tag="250"><subfield code="a">Sixth edition</subfield></datafield><datafield ind1=" " ind2="1" tag="264"><subfield code="a">Oxford</subfield><subfield code="b">Oxford University Press</subfield><subfield code="c">2015</subfield></datafield><datafield ind1=" " ind2=" " tag="300"><subfield code="a">xiv, 383 p.</subfield><subfield code="c">20 cm</subfield></datafield><datafield ind1=" " ind2=" " tag="336"><subfield code="b">txt</subfield><subfield code="2">rdacontent</subfield></datafield><datafield ind1=" " ind2=" " tag="337"><subfield code="b">n</subfield><subfield code="2">rdamedia</subfield></datafield><datafield ind1=" " ind2=" " tag="338"><subfield code="b">nc</subfield><subfield code="2">rdacarrier</subfield></datafield><datafield ind1="0" ind2=" " tag="490"><subfield code="a">Oxford quick reference</subfield></datafield><datafield ind1="0" ind2=" " tag="490"><subfield code="a">Oxford paperback reference</subfield></datafield><datafield ind1=" " ind2=" " tag="500"><subfield code="a">Hier auch später erschienene, unveränderte Auflagen</subfield></datafield><datafield ind1=" " ind2=" " tag="500"><subfield code="a">First published as &quot;The concise Oxford dictionary of proverbs, 1982</subfield></datafield><datafield ind1=" " ind2=" " tag="504"><subfield code="a">Includes bibliographical references (pages 357-359) and index</subfield></datafield><datafield ind1=" " ind2="7" tag="650"><subfield code="a">Englisch</subfield><subfield code="0">(DE-588)4014777-0</subfield><subfield code="2">gnd</subfield></datafield><datafield ind1=" " ind2="7" tag="650"><subfield code="a">Sprichwort</subfield><subfield code="0">(DE-588)4056550-6</subfield><subfield code="2">gnd</subfield></datafield><datafield ind1=" " ind2="4" tag="650"><subfield code="a">Proverbs, English</subfield></datafield><datafield ind1=" " ind2="4" tag="650"><subfield code="a">Proverbs, American</subfield></datafield><datafield ind1=" " ind2="7" tag="650"><subfield code="a">Proverbs, American</subfield><subfield code="2">fast</subfield></datafield><datafield ind1=" " ind2="7" tag="650"><subfield code="a">Proverbs, English</subfield><subfield code="2">fast</subfield></datafield><datafield ind1=" " ind2="0" tag="650"><subfield code="a">Proverbs, English</subfield><subfield code="v">Dictionaries</subfield></datafield><datafield ind1=" " ind2="0" tag="650"><subfield code="a">Proverbs, American</subfield><subfield code="v">Dictionaries</subfield></datafield><datafield ind1=" " ind2="7" tag="650"><subfield code="a">Anglais (langue)</subfield><subfield code="0">(IDREF)027219232</subfield><subfield code="2">idref</subfield></datafield><datafield ind1=" " ind2="7" tag="650"><subfield code="a">Proverbes</subfield><subfield code="0">(IDREF)027431568</subfield><subfield code="2">idref</subfield></datafield><datafield ind1=" " ind2="7" tag="655"><subfield code="a">Wörterbuch</subfield><subfield code="2">gnd-content</subfield></datafield><datafield ind1=" " ind2="7" tag="655"><subfield code="a">Dictionnaires</subfield><subfield code="0">(IDREF)027232050</subfield><subfield code="2">idref</subfield></datafield><datafield ind1="1" ind2=" " tag="700"><subfield code="a">Speake, Jennifer</subfield><subfield code="e">Herausgeber</subfield><subfield code="4">edt</subfield><subfield code="6">880-02</subfield></datafield><datafield ind1="1" ind2=" " tag="880"><subfield code="6">700-02</subfield><subfield code="a">Speake, Jennifer</subfield><subfield code="0">(IDREF)034721320</subfield></datafield><datafield ind1="4" ind2=" " tag="856"><subfield code="3">Titelblatt und Inhaltsverzeichnis</subfield><subfield code="u">https://toc.library.ethz.ch/objects/pdf03/z01_978-0-19-873490-1_01.pdf</subfield><subfield code="q">pdf</subfield></datafield><datafield ind1=" " ind2=" " tag="900"><subfield code="a">IDSZ2zbzmon201604f</subfield><subfield code="c">IDSZ2murd</subfield><subfield code="d">IDSZ2zbzswk201604b</subfield><subfield code="e">IDSZ2trun</subfield></datafield><datafield ind1=" " ind2=" " tag="900"><subfield code="a">IDSZ2esmon201701l</subfield><subfield code="c">IDSZ2leud</subfield><subfield code="d">IDSZ2esswk201701b</subfield><subfield code="e">IDSZ2leud</subfield></datafield><datafield ind1=" " ind2=" " tag="949"><subfield code="a">https://toc.library.ethz.ch/objects/pdf03/z01_978-0-19-873490-1_01.pdf</subfield></datafield></record>
</metadata></record>