<record><header><identifier>oai:alma.41SLSP_UGE:991000107479705502</identifier><datestamp>2023-11-12T01:35:52Z</datestamp><setSpec>uge_bcen_RapidILL_BOOK</setSpec><setSpec>uge_aaca_RapidILL_BOOK</setSpec><setSpec>uge_abels_RapidILL_BOOK</setSpec><setSpec>uge_dbu_RapidILL_BOOK</setSpec><setSpec>uge_cmu_RapidILL_BOOK</setSpec><setSpec>uge_mail_RapidILL_BOOK</setSpec><setSpec>uge_abbat_RapidILL_BOOK</setSpec><setSpec>UNIGE_ALL</setSpec><setSpec>uge_acar_RapidILL_BOOK</setSpec><setSpec>uge_aobs_RapidILL_BOOK</setSpec></header><metadata>
<record xmlns="http://www.loc.gov/MARC21/slim" xmlns:xsi="http://www.w3.org/2001/XMLSchema-instance" xsi:schemaLocation="http://www.loc.gov/MARC21/slim http://www.loc.gov/standards/marcxml/schema/MARC21slim.xsd"><leader>01737nam a2200493 c 4500</leader><controlfield tag="001">991000107479705502</controlfield><controlfield tag="005">20201231115602.0</controlfield><controlfield tag="008">201012s2006    fr ||||| |||| 00| ||fre d</controlfield><datafield ind1=" " ind2=" " tag="020"><subfield code="a">2844852165</subfield><subfield code="c">CHF 6.10</subfield></datafield><datafield ind1="7" ind2=" " tag="024"><subfield code="a">http://catalogue.bnf.fr/ark:/12148/cb40201723n</subfield><subfield code="2">uri</subfield></datafield><datafield ind1=" " ind2=" " tag="035"><subfield code="a">(swissbib)239785320-41slsp_network</subfield></datafield><datafield ind1=" " ind2=" " tag="035"><subfield code="a">239785320</subfield><subfield code="9">ExL</subfield></datafield><datafield ind1=" " ind2=" " tag="035"><subfield code="a">(RERO)R004128270-41slsp</subfield></datafield><datafield ind1=" " ind2=" " tag="035"><subfield code="a">(NEBIS)005275153EBI01</subfield></datafield><datafield ind1=" " ind2=" " tag="035"><subfield code="a">(SLB)vtls001463949</subfield></datafield><datafield ind1=" " ind2=" " tag="035"><subfield code="a">(EXLNZ-41SLSP_NETWORK)991144740829705501</subfield></datafield><datafield ind1=" " ind2=" " tag="040"><subfield code="a">RERO geulch</subfield><subfield code="d">CH-ZuSLS</subfield></datafield><datafield ind1=" " ind2="7" tag="072"><subfield code="a">or</subfield><subfield code="2">rero</subfield></datafield><datafield ind1="1" ind2="4" tag="082"><subfield code="a">194</subfield><subfield code="2">1</subfield></datafield><datafield ind1="1" ind2="4" tag="082"><subfield code="a">951</subfield></datafield><datafield ind1=" " ind2=" " tag="084"><subfield code="a">A 7.1 h</subfield><subfield code="2">cjurrom</subfield></datafield><datafield ind1="1" ind2=" " tag="100"><subfield code="6">880-01</subfield><subfield code="a">Billeter, Jean-François</subfield><subfield code="d">1939-....</subfield><subfield code="0">(IDREF)026728834</subfield><subfield code="4">cre</subfield></datafield><datafield ind1="1" ind2=" " tag="880"><subfield code="a">Billeter, Jean François</subfield><subfield code="d">1939-</subfield><subfield code="0">(DE-588)129748404</subfield><subfield code="6">100-01</subfield></datafield><datafield ind1="1" ind2="0" tag="245"><subfield code="a">Contre François Jullien</subfield><subfield code="c">Jean François Billeter</subfield></datafield><datafield ind1=" " ind2="1" tag="264"><subfield code="a">Paris</subfield><subfield code="b">Ed. Allia</subfield><subfield code="c">2006</subfield></datafield><datafield ind1=" " ind2=" " tag="300"><subfield code="a">122 p.</subfield><subfield code="c">17 cm</subfield></datafield><datafield ind1=" " ind2=" " tag="336"><subfield code="b">txt</subfield><subfield code="2">rdacontent</subfield></datafield><datafield ind1=" " ind2=" " tag="337"><subfield code="b">n</subfield><subfield code="2">rdamedia</subfield></datafield><datafield ind1=" " ind2=" " tag="338"><subfield code="b">nc</subfield><subfield code="2">rdacarrier</subfield></datafield><datafield ind1="1" ind2="7" tag="600"><subfield code="a">Jullien, François</subfield><subfield code="c">Philosophe</subfield><subfield code="d">1951-....</subfield><subfield code="0">(IDREF)029183707</subfield><subfield code="2">idref</subfield></datafield><datafield ind1="1" ind2="7" tag="600"><subfield code="a">Jullien, François</subfield><subfield code="d">1951-</subfield><subfield code="0">(DE-588)121024148</subfield><subfield code="2">gnd</subfield></datafield><datafield ind1="1" ind2="7" tag="600"><subfield code="a">Jullien, François</subfield><subfield code="2">idszbz</subfield></datafield><datafield ind1="1" ind2="0" tag="600"><subfield code="a">Jullien, François</subfield><subfield code="d">1951-</subfield><subfield code="x">Criticism and interpretation</subfield></datafield><datafield ind1=" " ind2="7" tag="650"><subfield code="a">Chinabild</subfield><subfield code="0">(DE-588)4122097-3</subfield><subfield code="2">gnd</subfield></datafield><datafield ind1=" " ind2="7" tag="650"><subfield code="a">Chinabild</subfield><subfield code="2">idszbz</subfield></datafield><datafield ind1=" " ind2="0" tag="650"><subfield code="a">Comparative civilization</subfield></datafield><datafield ind1=" " ind2="0" tag="651"><subfield code="a">China</subfield><subfield code="x">Civilization</subfield><subfield code="x">Philosophy</subfield></datafield><datafield ind1=" " ind2="0" tag="651"><subfield code="a">Europe</subfield><subfield code="x">Civilization</subfield><subfield code="x">Philosophy</subfield></datafield><datafield ind1=" " ind2=" " tag="690"><subfield code="a">China</subfield><subfield code="2">uzb-UW</subfield></datafield><datafield ind1=" " ind2=" " tag="690"><subfield code="a">Schweiz</subfield><subfield code="2">uzb-UW</subfield></datafield><datafield ind1=" " ind2=" " tag="690"><subfield code="a">Chinaforschung</subfield><subfield code="2">uzb-UW</subfield></datafield><datafield ind1=" " ind2=" " tag="690"><subfield code="a">Sinologie</subfield><subfield code="2">uzb-UW</subfield></datafield><datafield ind1=" " ind2=" " tag="690"><subfield code="a">Jullien, François</subfield><subfield code="2">uzb-UW</subfield></datafield><datafield ind1=" " ind2=" " tag="900"><subfield code="a">REROnoselfmerge</subfield></datafield><datafield ind1=" " ind2=" " tag="900"><subfield code="a">IDSZ2zbzmon200701f</subfield><subfield code="c">IDSZ2kist</subfield><subfield code="d">IDSZ2zbzswk200702b</subfield><subfield code="e">IDSZ2somm</subfield></datafield></record>
</metadata></record>