<record><header><identifier>oai:alma.41SLSP_UGE:991000107169705502</identifier><datestamp>2024-03-15T01:20:12Z</datestamp><setSpec>uge_bcen_RapidILL_BOOK</setSpec><setSpec>uge_aaca_RapidILL_BOOK</setSpec><setSpec>uge_abels_RapidILL_BOOK</setSpec><setSpec>uge_dbu_RapidILL_BOOK</setSpec><setSpec>uge_cmu_RapidILL_BOOK</setSpec><setSpec>uge_mail_RapidILL_BOOK</setSpec><setSpec>uge_abbat_RapidILL_BOOK</setSpec><setSpec>UNIGE_ALL</setSpec><setSpec>uge_acar_RapidILL_BOOK</setSpec><setSpec>uge_aobs_RapidILL_BOOK</setSpec></header><metadata>
<record xmlns="http://www.loc.gov/MARC21/slim" xmlns:xsi="http://www.w3.org/2001/XMLSchema-instance" xsi:schemaLocation="http://www.loc.gov/MARC21/slim http://www.loc.gov/standards/marcxml/schema/MARC21slim.xsd"><leader>02129nam a2200409 c 4500</leader><controlfield tag="001">991000107169705502</controlfield><controlfield tag="005">20240314215646.0</controlfield><controlfield tag="008">111125s1675    fr ||||| |||| 00| ||lat d</controlfield><datafield ind1=" " ind2=" " tag="035"><subfield code="a">(swissbib)114951179-41slsp_network</subfield></datafield><datafield ind1=" " ind2=" " tag="035"><subfield code="a">114951179</subfield><subfield code="9">ExL</subfield></datafield><datafield ind1=" " ind2=" " tag="035"><subfield code="a">(RERO)R006345225-41slsp</subfield></datafield><datafield ind1=" " ind2=" " tag="035"><subfield code="a">(EXLNZ-41SLSP_NETWORK)991103375959705501</subfield></datafield><datafield ind1=" " ind2=" " tag="040"><subfield code="a">RERO gefoha</subfield><subfield code="d">CH-ZuSLS</subfield></datafield><datafield ind1=" " ind2="7" tag="072"><subfield code="a">la</subfield><subfield code="2">rero</subfield></datafield><datafield ind1=" " ind2="7" tag="072"><subfield code="a">th</subfield><subfield code="2">rero</subfield></datafield><datafield ind1="7" ind2="4" tag="082"><subfield code="a">230</subfield><subfield code="2">23sdnb</subfield></datafield><datafield ind1=" " ind2=" " tag="084"><subfield code="a">156</subfield><subfield code="2">brp</subfield></datafield><datafield ind1="1" ind2=" " tag="100"><subfield code="a">Tertullien</subfield><subfield code="d">0155?-0222?</subfield><subfield code="0">(IDREF)027398153</subfield><subfield code="4">aut</subfield></datafield><datafield ind1="1" ind2="0" tag="245"><subfield code="a">Q. Septimii Florentis Tertulliani opera ad vetustissimorum exemplarium fidem sedulo emendata</subfield><subfield code="c">diligentia Nic. Rigaltii cum ejusdem annotationibus integris, &amp; variorum commentariis, seorsim anteà editis ; Ph. priorius argumenta &amp; notas in libros omnes de novo adjecit, &amp; dissertationem apprimè utilem concinnavit ; accedunt Novatiani tractatus, de Trinitate, &amp; Cibis judaïcis, cum notis, ut in editione Pamelii</subfield></datafield><datafield ind1="1" ind2=" " tag="246"><subfield code="a">Quinti Septimi Florentis Tertulliani opera</subfield></datafield><datafield ind1=" " ind2=" " tag="250"><subfield code="a">Item &amp; huic postremae editioni, à pluribus mendis quae in praecedentem irrepserant expurgatae, accessit Carmen de Jona &amp; Ninive</subfield></datafield><datafield ind1=" " ind2="1" tag="264"><subfield code="a">Lutetiae Parisiorum</subfield><subfield code="b">apud Petrum Le Petit</subfield><subfield code="b">Edmundum Couterot</subfield><subfield code="b">et Carolum Angot</subfield><subfield code="c">M.DC.LXXV. [1675]</subfield></datafield><datafield ind1=" " ind2=" " tag="300"><subfield code="a">[64], 735 [i.e. 739], [1] p.</subfield><subfield code="c">2° (39 cm)</subfield></datafield><datafield ind1=" " ind2=" " tag="336"><subfield code="b">txt</subfield><subfield code="2">rdacontent</subfield></datafield><datafield ind1=" " ind2=" " tag="337"><subfield code="b">n</subfield><subfield code="2">rdamedia</subfield></datafield><datafield ind1=" " ind2=" " tag="338"><subfield code="b">nc</subfield><subfield code="2">rdacarrier</subfield></datafield><datafield ind1=" " ind2=" " tag="500"><subfield code="a">Erreur de pagination après la p. 706: 1 p., 1 bl., puis la numérotation reprend à 705</subfield></datafield><datafield ind1=" " ind2="7" tag="655"><subfield code="a">Ouvrages avant 1800</subfield><subfield code="0">(IDREF)027797376</subfield><subfield code="2">idref</subfield></datafield><datafield ind1=" " ind2="7" tag="655"><subfield code="a">Ouvrages apologétiques</subfield><subfield code="0">(IDREF)027810844</subfield><subfield code="2">idref</subfield></datafield><datafield ind1=" " ind2="7" tag="655"><subfield code="a">Ouvrages de controverse</subfield><subfield code="0">(IDREF)027793796</subfield><subfield code="2">idref</subfield></datafield><datafield ind1="1" ind2=" " tag="700"><subfield code="a">Rigault, Nicolas</subfield><subfield code="d">1577-1654</subfield><subfield code="0">(IDREF)029545552</subfield><subfield code="4">edt</subfield></datafield><datafield ind1="1" ind2=" " tag="700"><subfield code="a">Le Prieur, Philippe</subfield><subfield code="d">16..-1680</subfield><subfield code="0">(IDREF)068527195</subfield><subfield code="4">ann</subfield></datafield><datafield ind1="1" ind2=" " tag="700"><subfield code="a">Le Petit, Pierre</subfield><subfield code="d">1617?-1686</subfield><subfield code="0">(IDREF)031917046</subfield><subfield code="4">prt</subfield></datafield><datafield ind1="1" ind2=" " tag="700"><subfield code="a">Couterot, Edme</subfield><subfield code="d">16..-1687</subfield><subfield code="0">(IDREF)033258376</subfield><subfield code="4">prt</subfield></datafield><datafield ind1="1" ind2=" " tag="700"><subfield code="a">Angot, Charles</subfield><subfield code="d">162.?-1694</subfield><subfield code="0">(IDREF)067746489</subfield><subfield code="4">prt</subfield></datafield><datafield ind1=" " ind2=" " tag="751"><subfield code="a">Paris (France)</subfield><subfield code="0">(IDREF)027244520</subfield><subfield code="4">pup</subfield></datafield><datafield ind1=" " ind2=" " tag="900"><subfield code="a">REROswissbibnomerge</subfield></datafield><datafield ind1=" " ind2=" " tag="903"><subfield code="a">RERO-SIGN</subfield><subfield code="5">BCUFR/20210812/slo</subfield></datafield></record>
</metadata></record>