<record><header><identifier>oai:alma.41SLSP_UGE:991000107799705502</identifier><datestamp>2024-04-11T00:26:23Z</datestamp><setSpec>uge_bcen_RapidILL_BOOK</setSpec><setSpec>uge_aaca_RapidILL_BOOK</setSpec><setSpec>uge_abels_RapidILL_BOOK</setSpec><setSpec>uge_dbu_RapidILL_BOOK</setSpec><setSpec>uge_cmu_RapidILL_BOOK</setSpec><setSpec>uge_mail_RapidILL_BOOK</setSpec><setSpec>uge_abbat_RapidILL_BOOK</setSpec><setSpec>UNIGE_ALL</setSpec><setSpec>uge_aobs_RapidILL_BOOK</setSpec><setSpec>uge_acar_RapidILL_BOOK</setSpec></header><metadata>
<record xmlns="http://www.loc.gov/MARC21/slim" xmlns:xsi="http://www.w3.org/2001/XMLSchema-instance" xsi:schemaLocation="http://www.loc.gov/MARC21/slim http://www.loc.gov/standards/marcxml/schema/MARC21slim.xsd"><leader>08082nam a2200997 c 4500</leader><controlfield tag="001">991000107799705502</controlfield><controlfield tag="005">20240410143651.0</controlfield><controlfield tag="008">201012s2011    xxk||||| |||| 00| ||eng d</controlfield><datafield ind1=" " ind2=" " tag="010"><subfield code="a">2010041494</subfield></datafield><datafield ind1=" " ind2=" " tag="020"><subfield code="a">9781107001152</subfield><subfield code="c">GBP 110.00</subfield></datafield><datafield ind1=" " ind2=" " tag="020"><subfield code="a">1107001153</subfield></datafield><datafield ind1="7" ind2=" " tag="024"><subfield code="a">http://catalogue.bnf.fr/ark:/12148/cb425136993</subfield><subfield code="2">uri</subfield></datafield><datafield ind1=" " ind2=" " tag="035"><subfield code="a">(swissbib)240070402-41slsp_network</subfield></datafield><datafield ind1=" " ind2=" " tag="035"><subfield code="a">240070402</subfield><subfield code="9">ExL</subfield></datafield><datafield ind1=" " ind2=" " tag="035"><subfield code="a">(RERO)R006125705-41slsp</subfield></datafield><datafield ind1=" " ind2=" " tag="035"><subfield code="a">(IDSBB)005634158DSV01</subfield></datafield><datafield ind1=" " ind2=" " tag="035"><subfield code="a">(IDSLU)000999079ILU01</subfield></datafield><datafield ind1=" " ind2=" " tag="035"><subfield code="a">(NEBIS)006222763EBI01</subfield></datafield><datafield ind1=" " ind2=" " tag="035"><subfield code="a">(IDSSG)000559403HSB01</subfield></datafield><datafield ind1=" " ind2=" " tag="035"><subfield code="a">(OCoLC)667610181</subfield></datafield><datafield ind1=" " ind2=" " tag="035"><subfield code="a">(EXLNZ-41SLSP_NETWORK)991155932579705501</subfield></datafield><datafield ind1=" " ind2=" " tag="040"><subfield code="a">DLC</subfield><subfield code="d">CH-ZuSLS</subfield></datafield><datafield ind1=" " ind2="0" tag="050"><subfield code="a">KZ7000</subfield><subfield code="b">.B369 2011</subfield></datafield><datafield ind1=" " ind2=" " tag="050"><subfield code="a">K5301</subfield><subfield code="b">.B369 2011</subfield></datafield><datafield ind1=" " ind2="7" tag="072"><subfield code="a">dr</subfield><subfield code="2">rero</subfield></datafield><datafield ind1=" " ind2="7" tag="072"><subfield code="a">rw</subfield><subfield code="2">SzZuIDS BS/BE</subfield></datafield><datafield ind1=" " ind2="7" tag="072"><subfield code="a">811</subfield><subfield code="2">IDS LU</subfield></datafield><datafield ind1="0" ind2="0" tag="082"><subfield code="a">345/.0235</subfield><subfield code="2">22</subfield></datafield><datafield ind1="0" ind2="4" tag="082"><subfield code="a">340.09</subfield><subfield code="2">22/ger</subfield></datafield><datafield ind1="0" ind2="4" tag="082"><subfield code="a">355.009</subfield><subfield code="2">22/ger</subfield></datafield><datafield ind1="1" ind2="4" tag="082"><subfield code="a">345.023 5</subfield><subfield code="2">22</subfield></datafield><datafield ind1="1" ind2="4" tag="082"><subfield code="a">345.0235</subfield><subfield code="2">22</subfield></datafield><datafield ind1="1" ind2="4" tag="082"><subfield code="a">340</subfield><subfield code="2">15</subfield></datafield><datafield ind1=" " ind2=" " tag="084"><subfield code="a">D 19.1 g</subfield><subfield code="2">cjurrom</subfield></datafield><datafield ind1=" " ind2=" " tag="084"><subfield code="a">LAW051000</subfield><subfield code="2">bisacsh</subfield></datafield><datafield ind1="1" ind2=" " tag="100"><subfield code="a">Bassiouni, M. Cherif</subfield><subfield code="d">1937-2017</subfield><subfield code="0">(IDREF)030411327</subfield><subfield code="4">cre</subfield></datafield><datafield ind1="1" ind2="0" tag="245"><subfield code="a">Crimes against humanity</subfield><subfield code="b">historical evolution and contemporary application</subfield><subfield code="c">M. Cherif Bassiouni</subfield></datafield><datafield ind1=" " ind2="1" tag="264"><subfield code="a">Cambridge</subfield><subfield code="a">New York</subfield><subfield code="b">Cambridge University Press</subfield><subfield code="c">2011</subfield></datafield><datafield ind1=" " ind2=" " tag="300"><subfield code="a">xxxvii, 845 p.</subfield><subfield code="c">26 cm.</subfield></datafield><datafield ind1=" " ind2=" " tag="336"><subfield code="b">txt</subfield><subfield code="2">rdacontent</subfield></datafield><datafield ind1=" " ind2=" " tag="337"><subfield code="b">n</subfield><subfield code="2">rdamedia</subfield></datafield><datafield ind1=" " ind2=" " tag="338"><subfield code="b">nc</subfield><subfield code="2">rdacarrier</subfield></datafield><datafield ind1=" " ind2=" " tag="504"><subfield code="a">Includes bibliographical references and index.</subfield></datafield><datafield ind1="0" ind2=" " tag="505"><subfield code="a">Machine generated contents note: 1. Legal nature ; 2. Phenomenological considerations ; 3. Emergence in positive international law ; 4. Post-charter developments ; 5. The principles of legality in the London charter and post-charter developments ; 6. Specific contents ; 7. Ratione personae and elements of criminal responsibility ; 8. Defenses and exonerations ; 9. A survey of national legislation and prosecutions for international crimes and crimes against humanity ; 10. Concluding assessment</subfield></datafield><datafield ind1="8" ind2=" " tag="520"><subfield code="a">&quot;This book traces the evolution of crimes against humanity (CAH) and their application from the end of World War I to the present day, in terms of both historic legal analysis and subject-matter content. The first part of the book addresses general issues pertaining to the categorization of CAH in normative jurisprudential and doctrinal terms. This is followed by an analysis of the specific contents of CAH, describing its historic phases going through international criminal tribunals, mixed model tribunals, and the International Criminal Court. This includes both a normative and jurisprudential assessment as well as a review of doctrinal material commenting on all of the above. The book examines the general parts and defenses of the crime, along with the history and jurisprudence of both international and national prosecutions. For the first time, a list of all countries that have enacted national legislation specifically directed at CAH is collected, along with all of the national prosecutions that have occurred under national legislation up to 2010. The book constitutes a unique and comprehensive treatment of all legal and historical aspects pertaining to crimes against humanity in a single definitive volume&quot;--</subfield><subfield code="c">Provided by publisher</subfield></datafield><datafield ind1=" " ind2="7" tag="648"><subfield code="a">Geschichte</subfield><subfield code="2">gnd</subfield></datafield><datafield ind1=" " ind2="7" tag="648"><subfield code="a">Geschichte (umfassend)</subfield><subfield code="2">idszbz</subfield></datafield><datafield ind1=" " ind2="7" tag="648"><subfield code="a">Geschichte 1919-2010</subfield><subfield code="2">gnd</subfield></datafield><datafield ind1=" " ind2="7" tag="650"><subfield code="a">crime contre l'humanité</subfield><subfield code="0">(RERO)A009980675</subfield><subfield code="2">rerovoc</subfield></datafield><datafield ind1=" " ind2="7" tag="650"><subfield code="a">Droit pénal international</subfield><subfield code="0">(IDREF)031019706</subfield><subfield code="2">idref</subfield></datafield><datafield ind1=" " ind2="0" tag="650"><subfield code="a">International crimes</subfield></datafield><datafield ind1=" " ind2="0" tag="650"><subfield code="a">International criminal law</subfield></datafield><datafield ind1=" " ind2="0" tag="650"><subfield code="a">Crimes against humanity</subfield><subfield code="x">History</subfield></datafield><datafield ind1=" " ind2="0" tag="650"><subfield code="a">War crimes</subfield><subfield code="x">History</subfield></datafield><datafield ind1=" " ind2="0" tag="650"><subfield code="a">International criminal courts</subfield><subfield code="v">Rules and practice</subfield><subfield code="x">History</subfield></datafield><datafield ind1=" " ind2="7" tag="650"><subfield code="a">Kriegsverbrechen</subfield><subfield code="0">(DE-588)4033151-9</subfield><subfield code="2">gnd</subfield></datafield><datafield ind1=" " ind2="7" tag="650"><subfield code="a">Menschenrechtskonvention</subfield><subfield code="0">(DE-588)4169432-6</subfield><subfield code="2">gnd</subfield></datafield><datafield ind1=" " ind2="7" tag="650"><subfield code="a">Rechtsprechung</subfield><subfield code="0">(DE-588)4115710-2</subfield><subfield code="2">gnd</subfield></datafield><datafield ind1=" " ind2="7" tag="650"><subfield code="a">Internationale Strafgerichtsbarkeit</subfield><subfield code="2">idszbz</subfield></datafield><datafield ind1=" " ind2="7" tag="650"><subfield code="a">Völkermord</subfield><subfield code="0">(DE-588)4063690-2</subfield><subfield code="2">gnd</subfield></datafield><datafield ind1=" " ind2="7" tag="650"><subfield code="a">Kriegsverbrechen</subfield><subfield code="2">idszbz</subfield></datafield><datafield ind1=" " ind2="7" tag="650"><subfield code="a">Anwendung</subfield><subfield code="2">idszbz</subfield></datafield><datafield ind1=" " ind2="0" tag="650"><subfield code="a">International criminal courts</subfield><subfield code="x">Rules and practice</subfield><subfield code="x">History</subfield></datafield><datafield ind1=" " ind2="7" tag="650"><subfield code="a">Verbrechen gegen die Menschlichkeit</subfield><subfield code="2">idszbz</subfield></datafield><datafield ind1=" " ind2="7" tag="650"><subfield code="a">Verbrechen gegen die Menschlichkeit</subfield><subfield code="0">(DE-588)4124385-7</subfield><subfield code="2">gnd</subfield></datafield><datafield ind1=" " ind2="7" tag="650"><subfield code="a">Völkerstrafrecht</subfield><subfield code="0">(DE-588)4188481-4</subfield><subfield code="2">gnd</subfield></datafield><datafield ind1=" " ind2="7" tag="655"><subfield code="a">Lehrbuch</subfield><subfield code="2">gnd-content</subfield></datafield><datafield ind1=" " ind2=" " tag="690"><subfield code="a">Judicial subject ; Statute ; Prosecution ; Criminal Law ; Conference ; State policy ; International law ; Policy consideration ; Responsibility ; Abbreviation ; Policy requirement ; Neutralization ; Dehumanization ; Objectification ; Rationalization ; Human factor ; Proscription ; Crime ; Control ; Controlling ; Charter ; Humanity ; Application ; Emergence ; History ; Affirmation ; Codification ; Crime against Humanity ; Formulation ; Theory ; Applicability ; Genocide ; Protection ; Legality ; Indifference ; Passivity ; Human Rights ; Human right ; Limitation ; standards ; Standard ; Human population ; Connection ; Extermination ; Enslavement ; Deportation ; Persecution ; Experimentation ; Apathy ; Banality ; Enforcement ; Correlation ; Doctrine ; Protocol ; Sierra Leone ; Control council ; Codification effort ; Security council ; Law regime ; Chemical elements ; Status ; Apartheid ; Cambodia ; assessment ; Violence ; Individual ; Defense ; Exoneration ; Judgement ; Protagonist ; Conference proceeding ; Mix model ; Tribunal ; War ; State responsibility ; Command ; Nationality legislation ; College ; All person ; Foundation ; Enterprise ; Influence ; Obedience ; Evolution ; University press ; Data table ; Etiology ; Philosophy ; Theatre ; Rape ; Function ; Conflict ; Compulsion ; Immunity ; Actor ; Euphemism ; Identity ; Interest ; Torturing ; Torture ; Disappearance ; Duty ; Jurisdiction ; Pragmatism ; Primary ; Overlapping ; Conduct ; Notion ; Knowledge ; Intent ; Jurisprudence ; Duress ; Necessity ; Reprisal ; head ; Austria ; Israel ; Italy ; Spain ; Argentina ; Iraq ; Administrative body</subfield><subfield code="2">idssg-J</subfield></datafield><datafield ind1=" " ind2=" " tag="690"><subfield code="a">Philosophical Considerations; Phenomenological Characteristics; substantive developments; Degrading Treatment; procedural development; Legal System; Other Post-Charter; Legal Developments; Inhumane Acts; Unlawful Human; General Principles; Legal Systems; Legal Principles; Doctrinal Differences; General Considerations; Legal Norms; General Part; Scholarly Views; Major National; Recent Developments</subfield><subfield code="2">idssg-J</subfield></datafield><datafield ind1=" " ind2=" " tag="690"><subfield code="a">Cambodia [100];  Austria [19];  Israel [17];  italy [14];  Spain [11];  Argentina [10];  Iraq [7]; London [100]; State [22]; Tokyo [21]; Rome [20]; Geneva [17]; Kosovo [15]; Bosnia [15]; Timor [15]; Germany [3]; France [2]; Canada [2]; Indonesia [1]</subfield><subfield code="2">idssg-J</subfield></datafield><datafield ind1=" " ind2=" " tag="690"><subfield code="a">CAMBRIDGE; xxvü; Ji; Internationa; ICTYand; Leste; Cogens; Dedere; Judicare; Nonapplicability; Organisationsherrschaft; Historica; Tu; Quoque; CAMBRIDGE</subfield><subfield code="2">idssg-J</subfield></datafield><datafield ind1=" " ind2=" " tag="691"><subfield code="e">PD 19.1</subfield><subfield code="2">rzs-L1</subfield></datafield><datafield ind1="1" ind2=" " tag="700"><subfield code="a">Bassiouni, M. Cherif</subfield><subfield code="d">1937-2017</subfield><subfield code="0">(DE-588)115441298</subfield></datafield><datafield ind1="1" ind2=" " tag="700"><subfield code="a">Bassiouni, M. Cherif</subfield></datafield><datafield ind1="4" ind2="2" tag="856"><subfield code="u">http://www.loc.gov/catdir/enhancements/fy1101/2010041494-b.html</subfield></datafield><datafield ind1="4" ind2="2" tag="856"><subfield code="u">http://www.loc.gov/catdir/enhancements/fy1101/2010041494-t.html</subfield></datafield><datafield ind1="4" ind2="2" tag="856"><subfield code="u">http://www.loc.gov/catdir/enhancements/fy1102/2010041494-d.html</subfield></datafield><datafield ind1="4" ind2=" " tag="856"><subfield code="3">Titelblatt und Inhaltsverzeichnis</subfield><subfield code="u">https://toc.library.ethz.ch/objects/pdf/z01_978-1-107-00115-2_01.pdf</subfield><subfield code="q">pdf</subfield></datafield><datafield ind1=" " ind2=" " tag="900"><subfield code="a">REROnoselfmerge</subfield></datafield><datafield ind1=" " ind2=" " tag="900"><subfield code="a">IDSZ2zbzmon201108f</subfield><subfield code="c">IDSZ2rusc</subfield><subfield code="d">IDSZ2zbzswk201108b</subfield><subfield code="e">IDSZ2bruu</subfield></datafield><datafield ind1=" " ind2=" " tag="900"><subfield code="a">IDSZ2rwimon201108l</subfield><subfield code="c">IDSZ2buche</subfield><subfield code="d">IDSZ2rwiswk201109b</subfield><subfield code="e">IDSZ2cont</subfield></datafield><datafield ind1=" " ind2=" " tag="910"><subfield code="a">LOC</subfield><subfield code="b">20110815</subfield><subfield code="c">Droits réservés</subfield></datafield><datafield ind1=" " ind2=" " tag="911"><subfield code="a">Basyūnī, Maḥmūd Šarīf</subfield></datafield><datafield ind1=" " ind2=" " tag="949"><subfield code="a">https://toc.library.ethz.ch/objects/pdf/z01_978-1-107-00115-2_01.pdf</subfield></datafield><datafield ind1=" " ind2=" " tag="949"><subfield code="a">http://www.loc.gov/catdir/enhancements/fy1101/2010041494-b.html</subfield></datafield><datafield ind1=" " ind2=" " tag="949"><subfield code="a">http://www.loc.gov/catdir/enhancements/fy1101/2010041494-t.html</subfield></datafield><datafield ind1=" " ind2=" " tag="949"><subfield code="a">http://www.loc.gov/catdir/enhancements/fy1102/2010041494-d.html</subfield></datafield></record>
</metadata></record>