<record><header><identifier>oai:alma.41SLSP_UGE:991000107069705502</identifier><datestamp>2024-03-23T01:20:51Z</datestamp><setSpec>uge_bcen_RapidILL_BOOK</setSpec><setSpec>uge_aaca_RapidILL_BOOK</setSpec><setSpec>uge_abels_RapidILL_BOOK</setSpec><setSpec>uge_dbu_RapidILL_BOOK</setSpec><setSpec>uge_cmu_RapidILL_BOOK</setSpec><setSpec>uge_mail_RapidILL_BOOK</setSpec><setSpec>uge_abbat_RapidILL_BOOK</setSpec><setSpec>UNIGE_ALL</setSpec><setSpec>uge_aobs_RapidILL_BOOK</setSpec><setSpec>uge_acar_RapidILL_BOOK</setSpec></header><metadata>
<record xmlns="http://www.loc.gov/MARC21/slim" xmlns:xsi="http://www.w3.org/2001/XMLSchema-instance" xsi:schemaLocation="http://www.loc.gov/MARC21/slim http://www.loc.gov/standards/marcxml/schema/MARC21slim.xsd"><leader>07245nam a2201069 c 4500</leader><controlfield tag="001">991000107069705502</controlfield><controlfield tag="005">20230630221623.0</controlfield><controlfield tag="008">201011s2014    sz ||||| |||| 10| ||ger d</controlfield><datafield ind1=" " ind2=" " tag="019"><subfield code="a">Notices analytiques</subfield><subfield code="5">RERO/geubfd/02.2015</subfield></datafield><datafield ind1=" " ind2=" " tag="020"><subfield code="a">9783725571437</subfield><subfield code="c">CHF 94.00</subfield></datafield><datafield ind1=" " ind2=" " tag="035"><subfield code="a">(swissbib)212606905-41slsp_network</subfield></datafield><datafield ind1=" " ind2=" " tag="035"><subfield code="a">212606905</subfield><subfield code="9">ExL</subfield></datafield><datafield ind1=" " ind2=" " tag="035"><subfield code="a">(RERO)R008038171-41slsp</subfield></datafield><datafield ind1=" " ind2=" " tag="035"><subfield code="a">(IDSBB)006327645DSV01</subfield></datafield><datafield ind1=" " ind2=" " tag="035"><subfield code="a">(NEBIS)010334045EBI01</subfield></datafield><datafield ind1=" " ind2=" " tag="035"><subfield code="a">(IDSSG)000679976HSB01</subfield></datafield><datafield ind1=" " ind2=" " tag="035"><subfield code="a">(IDSLU)001182145ILU01</subfield></datafield><datafield ind1=" " ind2=" " tag="035"><subfield code="a">(EXLNZ-41SLSP_NETWORK)991086409979705501</subfield></datafield><datafield ind1=" " ind2=" " tag="040"><subfield code="a">RERO frbcuc</subfield><subfield code="d">CH-ZuSLS</subfield></datafield><datafield ind1="0" ind2=" " tag="041"><subfield code="a">ger</subfield><subfield code="a">eng</subfield></datafield><datafield ind1=" " ind2=" " tag="044"><subfield code="a">sz</subfield><subfield code="c">ch-zh</subfield></datafield><datafield ind1=" " ind2="7" tag="072"><subfield code="a">dr</subfield><subfield code="2">rero</subfield></datafield><datafield ind1=" " ind2="7" tag="072"><subfield code="a">rw</subfield><subfield code="2">SzZuIDS BS/BE</subfield></datafield><datafield ind1=" " ind2="7" tag="072"><subfield code="a">842</subfield><subfield code="2">IDS LU</subfield></datafield><datafield ind1="1" ind2="4" tag="082"><subfield code="a">340</subfield><subfield code="2">15</subfield></datafield><datafield ind1=" " ind2=" " tag="084"><subfield code="a">A 82 e</subfield><subfield code="2">cjurrom</subfield></datafield><datafield ind1=" " ind2=" " tag="084"><subfield code="a">CA/CH 82 e</subfield><subfield code="2">cjurrom</subfield></datafield><datafield ind1=" " ind2=" " tag="084"><subfield code="a">A 12 e</subfield><subfield code="2">cjurrom</subfield></datafield><datafield ind1="0" ind2="0" tag="245"><subfield code="a">Finanzstabilität</subfield><subfield code="b">Status und Perspektiven</subfield><subfield code="c">Hans Caspar von den Crone, Jean-Charles Rochet (Hrsg.)</subfield></datafield><datafield ind1=" " ind2="1" tag="264"><subfield code="a">Zürich</subfield><subfield code="b">Schulthess</subfield><subfield code="c">2014</subfield></datafield><datafield ind1=" " ind2=" " tag="300"><subfield code="a">356 S.</subfield><subfield code="b">Ill.</subfield><subfield code="c">23 cm</subfield></datafield><datafield ind1=" " ind2=" " tag="336"><subfield code="b">txt</subfield><subfield code="2">rdacontent</subfield></datafield><datafield ind1=" " ind2=" " tag="337"><subfield code="b">n</subfield><subfield code="2">rdamedia</subfield></datafield><datafield ind1=" " ind2=" " tag="338"><subfield code="b">nc</subfield><subfield code="2">rdacarrier</subfield></datafield><datafield ind1="1" ind2=" " tag="490"><subfield code="a">Schweizer Schriften zum Finanzmarktrecht</subfield><subfield code="v">Bd. 112</subfield></datafield><datafield ind1=" " ind2=" " tag="500"><subfield code="a">Text in Deutsch und Engl.</subfield></datafield><datafield ind1=" " ind2=" " tag="500"><subfield code="a">Am 2. und 3. Juni 2014 fand in Zürich die 2. Jahrestagung des Universitären Forschungsschwerpunkts (UFSP) Finanzmarktregulierung der Universität Zürich statt</subfield></datafield><datafield ind1=" " ind2=" " tag="500"><subfield code="a">Beiträge dt. oder engl.</subfield></datafield><datafield ind1=" " ind2=" " tag="504"><subfield code="a">Bibliogr.</subfield></datafield><datafield ind1="2" ind2="7" tag="611"><subfield code="a">Bâle III-Cadre réglementaire international du secteur bancaire</subfield><subfield code="d">2010</subfield><subfield code="0">(RERO)A024312169</subfield><subfield code="2">rero</subfield></datafield><datafield ind1=" " ind2="7" tag="650"><subfield code="a">Régulation (sciences sociales)</subfield><subfield code="0">(IDREF)034449639</subfield><subfield code="2">idref</subfield></datafield><datafield ind1=" " ind2="7" tag="650"><subfield code="a">Places financières</subfield><subfield code="0">(IDREF)027475972</subfield><subfield code="2">idref</subfield></datafield><datafield ind1=" " ind2="7" tag="650"><subfield code="a">Crédit</subfield><subfield code="0">(IDREF)027466566</subfield><subfield code="2">idref</subfield></datafield><datafield ind1=" " ind2="7" tag="650"><subfield code="a">Stabilité</subfield><subfield code="0">(IDREF)027798429</subfield><subfield code="2">idref</subfield></datafield><datafield ind1=" " ind2="7" tag="650"><subfield code="a">Droit</subfield><subfield code="0">(IDREF)027466868</subfield><subfield code="2">idref</subfield></datafield><datafield ind1=" " ind2="7" tag="650"><subfield code="a">Banques</subfield><subfield code="0">(IDREF)027793265</subfield><subfield code="2">idref</subfield></datafield><datafield ind1=" " ind2="7" tag="650"><subfield code="a">Gestion du risque</subfield><subfield code="0">(IDREF)02774230X</subfield><subfield code="2">idref</subfield></datafield><datafield ind1=" " ind2="7" tag="650"><subfield code="a">Capitaux propres</subfield><subfield code="0">(IDREF)03148509X</subfield><subfield code="2">idref</subfield></datafield><datafield ind1=" " ind2="7" tag="650"><subfield code="a">Banquiers</subfield><subfield code="0">(IDREF)027297101</subfield><subfield code="2">idref</subfield></datafield><datafield ind1=" " ind2="7" tag="650"><subfield code="a">Salaires</subfield><subfield code="0">(IDREF)027790797</subfield><subfield code="2">idref</subfield></datafield><datafield ind1=" " ind2="7" tag="650"><subfield code="a">Primes d'entreprise</subfield><subfield code="0">(IDREF)027848205</subfield><subfield code="2">idref</subfield></datafield><datafield ind1=" " ind2="7" tag="650"><subfield code="a">Banques</subfield><subfield code="x">Réglementation</subfield><subfield code="0">(IDREF)168745593</subfield><subfield code="2">idref</subfield></datafield><datafield ind1=" " ind2="7" tag="650"><subfield code="a">Kapitalmarkt</subfield><subfield code="9">ger</subfield><subfield code="0">(RERO)jurivoc000012475ger</subfield><subfield code="2">jurivoc</subfield></datafield><datafield ind1=" " ind2="7" tag="650"><subfield code="a">Bankenrecht</subfield><subfield code="9">ger</subfield><subfield code="0">(RERO)jurivoc000002693ger</subfield><subfield code="2">jurivoc</subfield></datafield><datafield ind1=" " ind2="7" tag="650"><subfield code="a">Krise</subfield><subfield code="9">ger</subfield><subfield code="0">(RERO)jurivoc000013660ger</subfield><subfield code="2">jurivoc</subfield></datafield><datafield ind1=" " ind2="7" tag="650"><subfield code="a">Schutzmassnahme</subfield><subfield code="9">ger</subfield><subfield code="0">(RERO)jurivoc000019859ger</subfield><subfield code="2">jurivoc</subfield></datafield><datafield ind1=" " ind2="7" tag="650"><subfield code="a">Selbstregulierung</subfield><subfield code="9">ger</subfield><subfield code="0">(RERO)jurivoc000020123ger</subfield><subfield code="2">jurivoc</subfield></datafield><datafield ind1=" " ind2="7" tag="650"><subfield code="a">AUFSATZSAMMLUNGEN (DOKUMENTENTYP)</subfield><subfield code="9">ger</subfield><subfield code="0">(ETHUDK)000009249</subfield><subfield code="2">ethudk</subfield></datafield><datafield ind1=" " ind2="7" tag="650"><subfield code="a">FINANZDIENSTLEISTUNGSAUFSICHT (FINANZEN)</subfield><subfield code="9">ger</subfield><subfield code="0">(ETHUDK)000067207</subfield><subfield code="2">ethudk</subfield></datafield><datafield ind1=" " ind2="7" tag="650"><subfield code="a">FINANZMÄRKTE</subfield><subfield code="9">ger</subfield><subfield code="0">(ETHUDK)000061343</subfield><subfield code="2">ethudk</subfield></datafield><datafield ind1=" " ind2="7" tag="650"><subfield code="a">HANDELSWESEN + FINANZRECHT (HANDELSRECHT)</subfield><subfield code="9">ger</subfield><subfield code="0">(ETHUDK)000011470</subfield><subfield code="2">ethudk</subfield></datafield><datafield ind1=" " ind2="7" tag="650"><subfield code="a">Regulierung</subfield><subfield code="0">(DE-588)4201190-5</subfield><subfield code="2">gnd</subfield></datafield><datafield ind1=" " ind2="7" tag="650"><subfield code="a">Kapitalmarktrecht</subfield><subfield code="0">(DE-588)7573652-4</subfield><subfield code="2">gnd</subfield></datafield><datafield ind1=" " ind2="7" tag="650"><subfield code="a">Finanzplatz</subfield><subfield code="0">(DE-588)4236489-9</subfield><subfield code="2">gnd</subfield></datafield><datafield ind1=" " ind2="7" tag="650"><subfield code="a">Stabilität</subfield><subfield code="0">(DE-588)4056693-6</subfield><subfield code="2">gnd</subfield></datafield><datafield ind1=" " ind2="7" tag="650"><subfield code="a">Recht</subfield><subfield code="0">(DE-588)4048737-4</subfield><subfield code="2">gnd</subfield></datafield><datafield ind1=" " ind2="7" tag="650"><subfield code="a">Kreditmarkt</subfield><subfield code="0">(DE-588)4073788-3</subfield><subfield code="2">gnd</subfield></datafield><datafield ind1=" " ind2="7" tag="650"><subfield code="a">Ökonomische Theorie des Rechts</subfield><subfield code="0">(DE-588)4135492-8</subfield><subfield code="2">gnd</subfield></datafield><datafield ind1=" " ind2="7" tag="651"><subfield code="a">Suisse</subfield><subfield code="0">(IDREF)027249654</subfield><subfield code="2">idref</subfield></datafield><datafield ind1=" " ind2="7" tag="651"><subfield code="a">Schweiz</subfield><subfield code="9">ger</subfield><subfield code="0">(RERO)jurivoc000019912ger</subfield><subfield code="2">jurivoc</subfield></datafield><datafield ind1=" " ind2="7" tag="651"><subfield code="a">Schweiz</subfield><subfield code="0">(DE-588)4053881-3</subfield><subfield code="2">gnd</subfield></datafield><datafield ind1=" " ind2="7" tag="655"><subfield code="a">Actes de congrès</subfield><subfield code="0">(IDREF)02886431X</subfield><subfield code="2">idref</subfield></datafield><datafield ind1=" " ind2="7" tag="655"><subfield code="a">Konferenzschrift</subfield><subfield code="2">gnd-content</subfield></datafield><datafield ind1=" " ind2="7" tag="655"><subfield code="a">Konferenzschrift</subfield><subfield code="z">Zürich</subfield><subfield code="y">2014</subfield><subfield code="2">gnd-content</subfield></datafield><datafield ind1=" " ind2=" " tag="690"><subfield code="a">Hochschule; Institut; Rechtsanwalt; Bank; Wirtschaftsrecht; Hochschullehrer; Finanzierung; Basel; Doktorand; Assistent; Finanzmarkt; Bond; Bonus; Wirtschaftswissenschaftler; Bern</subfield><subfield code="2">idssg-J</subfield></datafield><datafield ind1=" " ind2=" " tag="690"><subfield code="a">Assistenzprofessorin; Finanzmarktrecht; Bankenabwicklungsregime; Finanzmarktaufsicht; Finanzstabilität; Geschäftsleitungsmitglied; Hypothekargeschäft; Inhaltsübersicht; JeanCharles; Rahmenbedingung; Systemrisiko; Testfalle; Vergütungsinstrument</subfield><subfield code="2">idssg-J</subfield></datafield><datafield ind1=" " ind2=" " tag="690"><subfield code="a">schweizerischer Handel; aktuelle Entwicklung; eidgenössische Finanzmarktaufsicht; hypothetische Testfalle; internationaler Handel; internationales Wirtschaftsrecht; perspektiv Schulthess; praktischer Aspekt; rechtliche Rahmenbedingung; rechtswissenschaftliches Institut; risikogewichtetes Aktiv; schweizer Bankenabwicklungsregime; schweizer Schrift</subfield><subfield code="2">idssg-J</subfield></datafield><datafield ind1=" " ind2=" " tag="690"><subfield code="a">Schweiz C4EXSI; Vereinigte Staaten C1USA; Deutschland C4EUGE</subfield><subfield code="2">idssg-J</subfield></datafield><datafield ind1=" " ind2=" " tag="690"><subfield code="a">Bank for; Banker Pay; Bern Leverage Ratio; Catherine Koch PhD; Christoph Basten PhD; Crone JeanCharles Röchet Hrsg. Finanzstabilität; Cyclical Capital Buffer; Dr. Ciaire Celerier; Dr.iur. Reto Schiltknecht; Dr.iur. Reto Schiltknecht Rechtsanwalt Leiter Solvenz; Financial Fragility; Geschäftsbereich Banken Eidgenössische Finanzmarktaufsicht; Inhaltsübersicht Aktuelle Entwicklungen; Moritz Seiler; Mortgage Pricing Christoph Basten PhD Ökonom; New Means of; New Means of Remuneration Comparative; Peter Nobel; Prof. Dr. Ciaire Celerier; Prof. Dr. Dieter Zobl Prof. Dr. Rolf Weber; Prof. Dr. JeanCharles Röchet Ordinarius; Prof. Dr. Rolf Sethe Hans Caspar; Prof. Dr. Seraina; Rainer Baisch; Really Weird Accounting; Rechtsanwalt Simon Bühler; Risk Weighted; SIFIs Praktische Aspekte Prof. Dr.; Schweiz Dr. Damian Fischer; schweizer Bankenabwicklungsregimes Prof. Dr. Seraina Grunewald; Stanford Rechtsanwalt Habilitand; Universität Zürich Bonus Bonds; Universität Zürich Competition; Universität Zürich Rechtliche Rahmenbedingungen; Universität Zürich Rechtsanwalt Bonus; Universität Zürich Rechtsanwältin Systemrisiko; Universität Zürich Risikogewichtete Aktiva; Universität Zürich The Counter; Universität Zürich Umsetzung; Universität Zürich Vergütung; Yves Mauchle</subfield><subfield code="2">idssg-J</subfield></datafield><datafield ind1=" " ind2=" " tag="691"><subfield code="e">PC 82 CH</subfield><subfield code="2">rzs-L1</subfield></datafield><datafield ind1="1" ind2=" " tag="700"><subfield code="a">Rochet, Jean-Charles</subfield><subfield code="c">économiste</subfield><subfield code="d">1957-....</subfield><subfield code="0">(IDREF)03062620X</subfield></datafield><datafield ind1="1" ind2=" " tag="700"><subfield code="a">Crone, Hans Caspar &lt;&lt;von der&gt;&gt;</subfield><subfield code="d">1957-</subfield><subfield code="0">(DE-588)134178688</subfield><subfield code="6">880-03</subfield></datafield><datafield ind1="1" ind2=" " tag="880"><subfield code="6">700-03</subfield><subfield code="a">Crone, Hans Caspar von der</subfield><subfield code="d">1957-....</subfield><subfield code="0">(IDREF)088457737</subfield></datafield><datafield ind1="2" ind2=" " tag="710"><subfield code="a">Universität Zürich</subfield><subfield code="b">Universitärer Forschungsschwerpunkt Finanzmarktregulierung</subfield><subfield code="b">Jahrestagung</subfield><subfield code="0">(DE-588)1086099443</subfield></datafield><datafield ind1="2" ind2=" " tag="711"><subfield code="a">Universität</subfield><subfield code="g">Zürich</subfield><subfield code="e">Universitärer Forschungsschwerpunkt Finanzmarktregulierung</subfield><subfield code="e">Jahrestagung</subfield><subfield code="0">(DE-588)1092559485</subfield></datafield><datafield ind1="2" ind2=" " tag="711"><subfield code="a">Universitärer Forschungsschwerpunkt Finanzmarktregulierung</subfield><subfield code="n">2</subfield><subfield code="d">2014</subfield><subfield code="c">Zürich</subfield><subfield code="0">(RERO)A024997555</subfield></datafield><datafield ind1="4" ind2=" " tag="856"><subfield code="3">Titelblatt und Inhaltsverzeichnis</subfield><subfield code="u">https://toc.library.ethz.ch/objects/pdf03/z01_978-3-7255-7143-7_01.pdf</subfield><subfield code="q">pdf</subfield></datafield><datafield ind1=" " ind2="0" tag="830"><subfield code="a">Schweizer Schriften zum Finanzmarktrecht</subfield><subfield code="v">112</subfield><subfield code="w">(IDSBB)004468965DSV01</subfield></datafield><datafield ind1=" " ind2=" " tag="900"><subfield code="a">IDSZ2zbzmon201412l</subfield><subfield code="c">IDSZ2wuet</subfield><subfield code="d">IDSZ2zbzswk201503g</subfield><subfield code="e">IDSZ2bruu</subfield></datafield><datafield ind1=" " ind2=" " tag="900"><subfield code="a">IDSZ1ZH</subfield></datafield><datafield ind1=" " ind2=" " tag="900"><subfield code="a">IDSZ2rwimon201412e</subfield><subfield code="c">IDSZ2buche 141216</subfield><subfield code="d">IDSZ2rwiswk201412b</subfield><subfield code="e">IDSZ2sust</subfield></datafield><datafield ind1=" " ind2=" " tag="911"><subfield code="a">Crone, Hans Caspar von der</subfield><subfield code="c">Jurist, Schweiz</subfield><subfield code="d">1957-</subfield></datafield><datafield ind1=" " ind2=" " tag="949"><subfield code="a">https://toc.library.ethz.ch/objects/pdf03/z01_978-3-7255-7143-7_01.pdf</subfield></datafield></record>
</metadata></record>