<record><header><identifier>oai:alma.41SLSP_UGE:991000106969705502</identifier><datestamp>2024-05-04T00:37:39Z</datestamp><setSpec>uge_bcen_RapidILL_BOOK</setSpec><setSpec>uge_aaca_RapidILL_BOOK</setSpec><setSpec>uge_abels_RapidILL_BOOK</setSpec><setSpec>uge_dbu_RapidILL_BOOK</setSpec><setSpec>uge_cmu_RapidILL_BOOK</setSpec><setSpec>uge_mail_RapidILL_BOOK</setSpec><setSpec>uge_abbat_RapidILL_BOOK</setSpec><setSpec>UNIGE_ALL</setSpec><setSpec>uge_aobs_RapidILL_BOOK</setSpec><setSpec>uge_acar_RapidILL_BOOK</setSpec></header><metadata>
<record xmlns="http://www.loc.gov/MARC21/slim" xmlns:xsi="http://www.w3.org/2001/XMLSchema-instance" xsi:schemaLocation="http://www.loc.gov/MARC21/slim http://www.loc.gov/standards/marcxml/schema/MARC21slim.xsd"><leader>01971nam a2200397 c 4500</leader><controlfield tag="001">991000106969705502</controlfield><controlfield tag="005">20230619200831.0</controlfield><controlfield tag="008">201011s1998    lu ||||| |||| 10| ||eng d</controlfield><datafield ind1=" " ind2=" " tag="020"><subfield code="a">9282835162</subfield></datafield><datafield ind1=" " ind2=" " tag="035"><subfield code="a">(swissbib)211716308-41slsp_network</subfield></datafield><datafield ind1=" " ind2=" " tag="035"><subfield code="a">211716308</subfield><subfield code="9">ExL</subfield></datafield><datafield ind1=" " ind2=" " tag="035"><subfield code="a">(RERO)R236501560-41slsp</subfield></datafield><datafield ind1=" " ind2=" " tag="035"><subfield code="a">(IDSBB)002743144DSV01</subfield></datafield><datafield ind1=" " ind2=" " tag="035"><subfield code="a">(EXLNZ-41SLSP_NETWORK)991077080819705501</subfield></datafield><datafield ind1=" " ind2=" " tag="040"><subfield code="a">RERO laisdc</subfield><subfield code="d">CH-ZuSLS</subfield></datafield><datafield ind1=" " ind2="7" tag="072"><subfield code="a">bi</subfield><subfield code="2">rero</subfield></datafield><datafield ind1="1" ind2="4" tag="082"><subfield code="a">330</subfield><subfield code="2">15</subfield></datafield><datafield ind1=" " ind2=" " tag="084"><subfield code="a">FA 59 h</subfield><subfield code="2">cjurrom</subfield></datafield><datafield ind1=" " ind2=" " tag="084"><subfield code="a">FA 60.5 h</subfield><subfield code="2">cjurrom</subfield></datafield><datafield ind1=" " ind2=" " tag="084"><subfield code="a">QT 600</subfield><subfield code="2">rvk</subfield></datafield><datafield ind1=" " ind2=" " tag="084"><subfield code="a">WC 5300</subfield><subfield code="2">rvk</subfield></datafield><datafield ind1="0" ind2="0" tag="245"><subfield code="a">Euroglobec - science plan</subfield><subfield code="b">report of an international workshop organised jointly by the MAST programme of the European Commission DG XII/D-3, and the Baltic Sea Research Institute Warnemünde, Warnemünde, Germany, 13-15 October 1997</subfield><subfield code="c">ed. by J. Alheit ... [et al.]</subfield></datafield><datafield ind1=" " ind2="1" tag="264"><subfield code="a">Luxembourg</subfield><subfield code="b">Office for Official Publications of the European Communities</subfield><subfield code="c">1998</subfield></datafield><datafield ind1=" " ind2=" " tag="300"><subfield code="a">76 p.</subfield><subfield code="b">ill.</subfield><subfield code="c">23 cm</subfield></datafield><datafield ind1=" " ind2=" " tag="336"><subfield code="b">txt</subfield><subfield code="2">rdacontent</subfield></datafield><datafield ind1=" " ind2=" " tag="337"><subfield code="b">n</subfield><subfield code="2">rdamedia</subfield></datafield><datafield ind1=" " ind2=" " tag="338"><subfield code="b">nc</subfield><subfield code="2">rdacarrier</subfield></datafield><datafield ind1="1" ind2=" " tag="490"><subfield code="a">Ecosystems research report</subfield><subfield code="v">no. 27</subfield></datafield><datafield ind1=" " ind2=" " tag="500"><subfield code="a">Report of an international workshop organised jointly by the MAST Programme of the European Commission, DG XII/D-3, and the Baltic Sea Research Institute Warnemünde, Warnemünde, 13-15 October 1997</subfield></datafield><datafield ind1="2" ind2="7" tag="610"><subfield code="a">Kommission der Europäischen Gemeinschaften</subfield><subfield code="x">Ökosystem</subfield><subfield code="x">Forschung</subfield><subfield code="v">Bericht</subfield><subfield code="2">idszbz</subfield></datafield><datafield ind1=" " ind2="7" tag="655"><subfield code="a">Konferenzschrift</subfield><subfield code="z">Warnemünde</subfield><subfield code="y">1997</subfield><subfield code="2">gnd-content</subfield></datafield><datafield ind1="1" ind2=" " tag="700"><subfield code="a">Alheit, Jürgen</subfield><subfield code="0">(IDREF)034810463</subfield></datafield><datafield ind1="2" ind2=" " tag="710"><subfield code="a">Europäische Kommission</subfield><subfield code="b">Generaldirektion Energie</subfield><subfield code="0">(DE-588)2146169-7</subfield></datafield><datafield ind1="2" ind2=" " tag="710"><subfield code="a">Union européenne</subfield><subfield code="b">Commission</subfield><subfield code="b">MAST Programme</subfield><subfield code="0">(RERO)A006003451</subfield></datafield><datafield ind1="2" ind2=" " tag="710"><subfield code="a">Institut für Ostseeforschung (Warnemünde)</subfield><subfield code="0">(RERO)A006003452</subfield></datafield><datafield ind1=" " ind2="0" tag="830"><subfield code="a">Ecosystems research report</subfield><subfield code="v">27</subfield><subfield code="w">(RERO)2151878-41slsp</subfield></datafield><datafield ind1=" " ind2="0" tag="830"><subfield code="a">Ecosystems research report</subfield><subfield code="v">27</subfield><subfield code="w">(IDSBB)001176154DSV01</subfield></datafield></record>
</metadata></record>