<record><header><identifier>oai:alma.41SLSP_UGE:991000107079705502</identifier><datestamp>2023-03-01T01:10:20Z</datestamp><setSpec>uge_bcen_RapidILL_BOOK</setSpec><setSpec>uge_aaca_RapidILL_BOOK</setSpec><setSpec>uge_abels_RapidILL_BOOK</setSpec><setSpec>uge_dbu_RapidILL_BOOK</setSpec><setSpec>uge_cmu_RapidILL_BOOK</setSpec><setSpec>uge_mail_RapidILL_BOOK</setSpec><setSpec>UNIGE_ALL</setSpec><setSpec>uge_abbat_RapidILL_BOOK</setSpec><setSpec>uge_aobs_RapidILL_BOOK</setSpec><setSpec>uge_acar_RapidILL_BOOK</setSpec></header><metadata>
<record xmlns="http://www.loc.gov/MARC21/slim" xmlns:xsi="http://www.w3.org/2001/XMLSchema-instance" xsi:schemaLocation="http://www.loc.gov/MARC21/slim http://www.loc.gov/standards/marcxml/schema/MARC21slim.xsd"><leader>01111nam a22002772c 4500</leader><controlfield tag="001">991000107079705502</controlfield><controlfield tag="005">20201227163658.0</controlfield><controlfield tag="008">160623s2003    gw ||||| |||| 10| ||eng d</controlfield><datafield ind1=" " ind2=" " tag="020"><subfield code="a">3980853136</subfield></datafield><datafield ind1=" " ind2=" " tag="035"><subfield code="a">(swissbib)123014522-41slsp_network</subfield></datafield><datafield ind1=" " ind2=" " tag="035"><subfield code="a">123014522</subfield><subfield code="9">ExL</subfield></datafield><datafield ind1=" " ind2=" " tag="035"><subfield code="a">(RERO)R008455239-41slsp</subfield></datafield><datafield ind1=" " ind2=" " tag="035"><subfield code="a">(EXLNZ-41SLSP_NETWORK)991065652049705501</subfield></datafield><datafield ind1=" " ind2=" " tag="040"><subfield code="a">DE-603</subfield><subfield code="d">CH-ZuSLS</subfield></datafield><datafield ind1=" " ind2="7" tag="072"><subfield code="a">bi</subfield><subfield code="2">rero</subfield></datafield><datafield ind1="0" ind2="0" tag="245"><subfield code="a">Proceedings of the International Symposium Speciation in Ancient Lakes, SIAL III</subfield><subfield code="b">volume 1, Irkutsk, September 2 - 7, 2002</subfield><subfield code="c">ed. by Alexei Ivanov</subfield></datafield><datafield ind1=" " ind2="1" tag="264"><subfield code="a">Berlin</subfield><subfield code="b">Inst. für Geologische Wiss. Fachrichtung Paläoontologie</subfield><subfield code="c">2003</subfield></datafield><datafield ind1=" " ind2=" " tag="300"><subfield code="a">200 S.</subfield><subfield code="b">Ill., graph. Darst</subfield></datafield><datafield ind1=" " ind2=" " tag="336"><subfield code="b">txt</subfield><subfield code="2">rdacontent</subfield></datafield><datafield ind1=" " ind2=" " tag="337"><subfield code="b">n</subfield><subfield code="2">rdamedia</subfield></datafield><datafield ind1=" " ind2=" " tag="338"><subfield code="b">nc</subfield><subfield code="2">rdacarrier</subfield></datafield><datafield ind1="1" ind2=" " tag="490"><subfield code="a">Berliner paläobiologische Abhandlungen</subfield><subfield code="v">4</subfield></datafield><datafield ind1="1" ind2=" " tag="700"><subfield code="a">Ivanov, Alexei</subfield><subfield code="0">(RERO)A026481034</subfield></datafield><datafield ind1="2" ind2=" " tag="711"><subfield code="a">International Symposium Speciation in Ancient Lakes</subfield><subfield code="n">3</subfield><subfield code="d">2002</subfield><subfield code="c">Irkutsk</subfield><subfield code="0">(RERO)A026487613</subfield></datafield><datafield ind1=" " ind2=" " tag="830"><subfield code="a">Berliner paläobiologische Abhandlungen</subfield><subfield code="v">4</subfield><subfield code="w">(RERO)R003532950-41slsp</subfield></datafield><datafield ind1=" " ind2=" " tag="900"><subfield code="a">REROnoselfmerge</subfield></datafield><datafield ind1=" " ind2=" " tag="910"><subfield code="a">HEBIS</subfield><subfield code="b">20160623</subfield><subfield code="c">Droits réservés</subfield></datafield></record>
</metadata></record>