<record><header><identifier>oai:alma.41SLSP_UGE:991000106979705502</identifier><datestamp>2023-05-03T00:39:20Z</datestamp><setSpec>uge_bcen_RapidILL_BOOK</setSpec><setSpec>uge_aaca_RapidILL_BOOK</setSpec><setSpec>uge_abels_RapidILL_BOOK</setSpec><setSpec>uge_dbu_RapidILL_BOOK</setSpec><setSpec>uge_cmu_RapidILL_BOOK</setSpec><setSpec>uge_mail_RapidILL_BOOK</setSpec><setSpec>uge_abbat_RapidILL_BOOK</setSpec><setSpec>UNIGE_ALL</setSpec><setSpec>uge_acar_RapidILL_BOOK</setSpec><setSpec>uge_aobs_RapidILL_BOOK</setSpec></header><metadata>
<record xmlns="http://www.loc.gov/MARC21/slim" xmlns:xsi="http://www.w3.org/2001/XMLSchema-instance" xsi:schemaLocation="http://www.loc.gov/MARC21/slim http://www.loc.gov/standards/marcxml/schema/MARC21slim.xsd"><leader>02518nam a2200529 c 4500</leader><controlfield tag="001">991000106979705502</controlfield><controlfield tag="005">20230502194002.0</controlfield><controlfield tag="008">201011s2009    fr ||||| |||| 00| ||fre d</controlfield><datafield ind1=" " ind2=" " tag="020"><subfield code="a">9782843211195</subfield></datafield><datafield ind1=" " ind2=" " tag="020"><subfield code="a">2843211190</subfield></datafield><datafield ind1="7" ind2=" " tag="024"><subfield code="a">http://catalogue.bnf.fr/ark:/12148/cb42090513b</subfield><subfield code="2">uri</subfield></datafield><datafield ind1=" " ind2=" " tag="035"><subfield code="a">(swissbib)216182638-41slsp_network</subfield></datafield><datafield ind1=" " ind2=" " tag="035"><subfield code="a">216182638</subfield><subfield code="9">ExL</subfield></datafield><datafield ind1=" " ind2=" " tag="035"><subfield code="a">(RERO)R005110100-41slsp</subfield></datafield><datafield ind1=" " ind2=" " tag="035"><subfield code="a">(NEBIS)010830446EBI01</subfield></datafield><datafield ind1=" " ind2=" " tag="035"><subfield code="a">(OCoLC)716608412</subfield></datafield><datafield ind1=" " ind2=" " tag="035"><subfield code="a">(EXLNZ-41SLSP_NETWORK)991030832469705501</subfield></datafield><datafield ind1=" " ind2=" " tag="040"><subfield code="a">RERO labcud</subfield><subfield code="d">CH-ZuSLS</subfield></datafield><datafield ind1=" " ind2="7" tag="072"><subfield code="a">go</subfield><subfield code="2">rero</subfield></datafield><datafield ind1=" " ind2="7" tag="072"><subfield code="a">ht</subfield><subfield code="2">rero</subfield></datafield><datafield ind1="1" ind2=" " tag="100"><subfield code="a">Rémy, Frédérique</subfield><subfield code="0">(RERO)A010952972</subfield><subfield code="4">cre</subfield></datafield><datafield ind1="1" ind2="0" tag="245"><subfield code="a">Histoire des pôles</subfield><subfield code="b">mythes et réalités polaires, 17e-18e siècles</subfield><subfield code="c">Frédérique Rémy</subfield></datafield><datafield ind1=" " ind2="1" tag="264"><subfield code="a">Paris</subfield><subfield code="b">Ed. Desjonquères</subfield><subfield code="c">2009</subfield></datafield><datafield ind1=" " ind2=" " tag="300"><subfield code="a">207 pages</subfield><subfield code="b">illustrations</subfield><subfield code="c">23 cm</subfield></datafield><datafield ind1=" " ind2=" " tag="336"><subfield code="b">txt</subfield><subfield code="2">rdacontent</subfield></datafield><datafield ind1=" " ind2=" " tag="337"><subfield code="b">n</subfield><subfield code="2">rdamedia</subfield></datafield><datafield ind1=" " ind2=" " tag="338"><subfield code="b">nc</subfield><subfield code="2">rdacarrier</subfield></datafield><datafield ind1="0" ind2=" " tag="490"><subfield code="a">Outremer</subfield></datafield><datafield ind1=" " ind2=" " tag="500"><subfield code="a">Index des noms cités</subfield></datafield><datafield ind1=" " ind2="7" tag="650"><subfield code="a">découverte scientifique</subfield><subfield code="0">(RERO)A010072246</subfield><subfield code="2">rerovoc</subfield></datafield><datafield ind1=" " ind2="7" tag="650"><subfield code="a">17e siècle-18e siècle</subfield><subfield code="2">idref</subfield></datafield><datafield ind1=" " ind2="7" tag="650"><subfield code="a">Découverte et exploration</subfield><subfield code="0">(IDREF)027731561</subfield><subfield code="2">idref</subfield></datafield><datafield ind1=" " ind2="4" tag="650"><subfield code="a">Régions polaires</subfield><subfield code="x">Dans la littérature</subfield><subfield code="x">Histoire</subfield></datafield><datafield ind1=" " ind2="4" tag="650"><subfield code="a">Régions polaires</subfield><subfield code="x">Mythes</subfield><subfield code="y">17e-18e siècle</subfield><subfield code="x">Histoire</subfield></datafield><datafield ind1=" " ind2="4" tag="650"><subfield code="a">Régions polaires</subfield><subfield code="x">exploration</subfield><subfield code="y">17e-18e siècle</subfield><subfield code="x">Histoire</subfield></datafield><datafield ind1=" " ind2="7" tag="650"><subfield code="a">ANTARCTIQUE + RÉGIONS POLAIRES MÉRIDIONALES (TERRITORIES DE L'ANTARCTIQUE)</subfield><subfield code="9">fre</subfield><subfield code="0">(ETHUDK)000008785</subfield><subfield code="2">ethudk</subfield></datafield><datafield ind1=" " ind2="7" tag="650"><subfield code="a">ARCTIQUE + TERRITORIES DE L'ARCTIQUE + RÉGIONS POLAIRES SEPTENTRIONALES</subfield><subfield code="9">fre</subfield><subfield code="0">(ETHUDK)000008753</subfield><subfield code="2">ethudk</subfield></datafield><datafield ind1=" " ind2="7" tag="650"><subfield code="a">DIX-HUITIÈME SIÈCLE APRÈS J.-C.</subfield><subfield code="9">fre</subfield><subfield code="0">(ETHUDK)000008905</subfield><subfield code="2">ethudk</subfield></datafield><datafield ind1=" " ind2="7" tag="650"><subfield code="a">DIX-SEPTIÈME SIÈCLE APRÈS J.-C.</subfield><subfield code="9">fre</subfield><subfield code="0">(ETHUDK)000008904</subfield><subfield code="2">ethudk</subfield></datafield><datafield ind1=" " ind2="7" tag="650"><subfield code="a">DÉCOUVERTES GÉOGRAPHIQUES, VOYAGES DE DÉCOUVERTE, HISTOIRE DES GRANDES DÉCOUVERTES</subfield><subfield code="9">fre</subfield><subfield code="0">(ETHUDK)000054559</subfield><subfield code="2">ethudk</subfield></datafield><datafield ind1=" " ind2="7" tag="650"><subfield code="a">DÉCOUVERTES SCIENTIFIQUES</subfield><subfield code="9">fre</subfield><subfield code="0">(ETHUDK)000063510</subfield><subfield code="2">ethudk</subfield></datafield><datafield ind1=" " ind2="7" tag="650"><subfield code="a">RECHERCHE POLAIRE + EXPÉDITIONS POLAIRES</subfield><subfield code="9">fre</subfield><subfield code="0">(ETHUDK)000044951</subfield><subfield code="2">ethudk</subfield></datafield><datafield ind1=" " ind2="7" tag="650"><subfield code="a">RÉGIONS POLAIRES (ARCTIQUE ET ANTARCTIQUE)</subfield><subfield code="9">fre</subfield><subfield code="0">(ETHUDK)000008752</subfield><subfield code="2">ethudk</subfield></datafield><datafield ind1=" " ind2="7" tag="651"><subfield code="a">Pôle Nord</subfield><subfield code="0">(IDREF)027266060</subfield><subfield code="2">idref</subfield></datafield><datafield ind1=" " ind2="7" tag="651"><subfield code="a">Pôle Sud</subfield><subfield code="0">(IDREF)027408310</subfield><subfield code="2">idref</subfield></datafield><datafield ind1=" " ind2="7" tag="651"><subfield code="a">Pôle Nord - image</subfield><subfield code="0">(RERO)A016740014</subfield><subfield code="2">rero</subfield></datafield><datafield ind1=" " ind2="7" tag="651"><subfield code="a">Pôle Sud - image</subfield><subfield code="0">(RERO)A016740019</subfield><subfield code="2">rero</subfield></datafield><datafield ind1=" " ind2=" " tag="900"><subfield code="a">REROnoselfmerge</subfield></datafield></record>
</metadata></record>