<record><header><identifier>oai:alma.41SLSP_UGE:991000107189705502</identifier><datestamp>2023-04-08T00:23:53Z</datestamp><setSpec>uge_bcen_RapidILL_BOOK</setSpec><setSpec>uge_aaca_RapidILL_BOOK</setSpec><setSpec>uge_abels_RapidILL_BOOK</setSpec><setSpec>uge_dbu_RapidILL_BOOK</setSpec><setSpec>uge_cmu_RapidILL_BOOK</setSpec><setSpec>uge_mail_RapidILL_BOOK</setSpec><setSpec>uge_abbat_RapidILL_BOOK</setSpec><setSpec>UNIGE_ALL</setSpec><setSpec>uge_aobs_RapidILL_BOOK</setSpec><setSpec>uge_acar_RapidILL_BOOK</setSpec></header><metadata>
<record xmlns="http://www.loc.gov/MARC21/slim" xmlns:xsi="http://www.w3.org/2001/XMLSchema-instance" xsi:schemaLocation="http://www.loc.gov/MARC21/slim http://www.loc.gov/standards/marcxml/schema/MARC21slim.xsd"><leader>01829nam a2200385 c 4500</leader><controlfield tag="001">991000107189705502</controlfield><controlfield tag="005">20230407155135.0</controlfield><controlfield tag="008">201011s1976    xxu||||| |||| 10| ||eng d</controlfield><datafield ind1=" " ind2=" " tag="020"><subfield code="a">0250401320</subfield></datafield><datafield ind1=" " ind2=" " tag="035"><subfield code="a">(swissbib)211017175-41slsp_network</subfield></datafield><datafield ind1=" " ind2=" " tag="035"><subfield code="a">211017175</subfield><subfield code="9">ExL</subfield></datafield><datafield ind1=" " ind2=" " tag="035"><subfield code="a">(RERO)R222712660-41slsp</subfield></datafield><datafield ind1=" " ind2=" " tag="035"><subfield code="a">(NEBIS)000128253EBI01</subfield></datafield><datafield ind1=" " ind2=" " tag="035"><subfield code="a">(EXLNZ-41SLSP_NETWORK)991035795449705501</subfield></datafield><datafield ind1=" " ind2=" " tag="040"><subfield code="a">RERO geussc</subfield><subfield code="d">CH-ZuSLS</subfield></datafield><datafield ind1=" " ind2="7" tag="072"><subfield code="a">ur</subfield><subfield code="2">rero</subfield></datafield><datafield ind1="0" ind2="0" tag="245"><subfield code="a">Environmental toxicity of aquatic radionuclides</subfield><subfield code="b">models and mechanisms : [proceedings of a conference organized by the Department of Radiation Biology and Biophysics, the School of Medicine and Dentistry of the University of Rochester, held at Rochester, New York, June 2-4 1975]</subfield><subfield code="c">ed. by Morton W. Miller and J. Newell Stannard</subfield></datafield><datafield ind1=" " ind2="1" tag="264"><subfield code="a">Ann Arbor</subfield><subfield code="b">Ann Arbor Science</subfield><subfield code="c">[1976]</subfield></datafield><datafield ind1=" " ind2="4" tag="264"><subfield code="c">© 1976</subfield></datafield><datafield ind1=" " ind2=" " tag="300"><subfield code="a">XV, 333 p.</subfield><subfield code="b">ill.</subfield><subfield code="c">24 cm</subfield></datafield><datafield ind1=" " ind2=" " tag="336"><subfield code="b">txt</subfield><subfield code="2">rdacontent</subfield></datafield><datafield ind1=" " ind2=" " tag="337"><subfield code="b">n</subfield><subfield code="2">rdamedia</subfield></datafield><datafield ind1=" " ind2=" " tag="338"><subfield code="b">nc</subfield><subfield code="2">rdacarrier</subfield></datafield><datafield ind1=" " ind2=" " tag="500"><subfield code="a">Rochester International Conference on Environmental Toxicity, 8th, 1975</subfield></datafield><datafield ind1=" " ind2="7" tag="650"><subfield code="a">isotope radioactif</subfield><subfield code="0">(RERO)A009964037</subfield><subfield code="2">rerovoc</subfield></datafield><datafield ind1=" " ind2="7" tag="650"><subfield code="a">Milieu aquatique</subfield><subfield code="0">(IDREF)23070297X</subfield><subfield code="2">idref</subfield></datafield><datafield ind1=" " ind2="7" tag="650"><subfield code="a">élément transuranien</subfield><subfield code="0">(RERO)A010078301</subfield><subfield code="2">rerovoc</subfield></datafield><datafield ind1=" " ind2="7" tag="650"><subfield code="a">RADIONUKLIDE (KERNPHYSIK)</subfield><subfield code="9">ger</subfield><subfield code="0">(ETHUDK)000015509</subfield><subfield code="2">ethudk</subfield></datafield><datafield ind1=" " ind2="7" tag="650"><subfield code="a">WASSER (UMWELTBELASTUNG UND -SCHUTZ)</subfield><subfield code="9">ger</subfield><subfield code="0">(ETHUDK)000012444</subfield><subfield code="2">ethudk</subfield></datafield><datafield ind1=" " ind2="7" tag="655"><subfield code="a">Actes de congrès</subfield><subfield code="0">(IDREF)02886431X</subfield><subfield code="2">idref</subfield></datafield><datafield ind1=" " ind2="7" tag="655"><subfield code="a">Konferenzschrift</subfield><subfield code="z">Rochester (NY)</subfield><subfield code="y">1975</subfield><subfield code="2">gnd-content</subfield></datafield><datafield ind1="1" ind2=" " tag="700"><subfield code="a">Stannard, J. Newell</subfield></datafield><datafield ind1="1" ind2=" " tag="700"><subfield code="a">Miller, Morton W</subfield><subfield code="0">(RERO)A003595631</subfield></datafield><datafield ind1="2" ind2=" " tag="711"><subfield code="a">Rochester International Conference on Environmental Toxicity</subfield><subfield code="0">(DE-588)7841-4</subfield></datafield><datafield ind1="2" ind2=" " tag="711"><subfield code="a">Rochester International Conference on Environmental Toxicity</subfield><subfield code="n">8</subfield><subfield code="d">1975</subfield><subfield code="c">Rochester</subfield><subfield code="0">(RERO)A012377969</subfield></datafield><datafield ind1=" " ind2=" " tag="900"><subfield code="a">REROnoselfmerge</subfield></datafield></record>
</metadata></record>