<record><header><identifier>oai:alma.41SLSP_UGE:991000107709705502</identifier><datestamp>2023-12-15T01:23:49Z</datestamp><setSpec>uge_bcen_RapidILL_BOOK</setSpec><setSpec>uge_aaca_RapidILL_BOOK</setSpec><setSpec>uge_abels_RapidILL_BOOK</setSpec><setSpec>uge_dbu_RapidILL_BOOK</setSpec><setSpec>uge_cmu_RapidILL_BOOK</setSpec><setSpec>uge_mail_RapidILL_BOOK</setSpec><setSpec>uge_abbat_RapidILL_BOOK</setSpec><setSpec>UNIGE_ALL</setSpec><setSpec>uge_acar_RapidILL_BOOK</setSpec><setSpec>uge_aobs_RapidILL_BOOK</setSpec></header><metadata>
<record xmlns="http://www.loc.gov/MARC21/slim" xmlns:xsi="http://www.w3.org/2001/XMLSchema-instance" xsi:schemaLocation="http://www.loc.gov/MARC21/slim http://www.loc.gov/standards/marcxml/schema/MARC21slim.xsd"><leader>01236nam a2200361 c 4500</leader><controlfield tag="001">991000107709705502</controlfield><controlfield tag="005">20231214152720.0</controlfield><controlfield tag="008">201011s1988    xxu||||| |||| 00| ||eng d</controlfield><datafield ind1=" " ind2=" " tag="020"><subfield code="a">0881674354</subfield></datafield><datafield ind1=" " ind2=" " tag="035"><subfield code="a">(swissbib)216689996-41slsp_network</subfield></datafield><datafield ind1=" " ind2=" " tag="035"><subfield code="a">216689996</subfield><subfield code="9">ExL</subfield></datafield><datafield ind1=" " ind2=" " tag="035"><subfield code="a">(RERO)1002391-41slsp</subfield></datafield><datafield ind1=" " ind2=" " tag="035"><subfield code="a">(NEBIS)006456042EBI01</subfield></datafield><datafield ind1=" " ind2=" " tag="035"><subfield code="a">(EXLNZ-41SLSP_NETWORK)991031102489705501</subfield></datafield><datafield ind1=" " ind2=" " tag="040"><subfield code="a">RERO geucmu</subfield><subfield code="d">CH-ZuSLS</subfield></datafield><datafield ind1=" " ind2="7" tag="072"><subfield code="a">me</subfield><subfield code="2">rero</subfield></datafield><datafield ind1="0" ind2="0" tag="245"><subfield code="a">Hypercholesterolemia</subfield><subfield code="b">clinical and therapeutic implications</subfield><subfield code="c">ed. Joseph Stokes III, Mario Mancini</subfield></datafield><datafield ind1=" " ind2="1" tag="264"><subfield code="a">New York</subfield><subfield code="b">Raven Press</subfield><subfield code="c">[1988]</subfield></datafield><datafield ind1=" " ind2="4" tag="264"><subfield code="c">© 1988</subfield></datafield><datafield ind1=" " ind2=" " tag="300"><subfield code="a">XV, 202 p.</subfield><subfield code="b">ill.</subfield><subfield code="c">25 cm</subfield></datafield><datafield ind1=" " ind2=" " tag="336"><subfield code="b">txt</subfield><subfield code="2">rdacontent</subfield></datafield><datafield ind1=" " ind2=" " tag="337"><subfield code="b">n</subfield><subfield code="2">rdamedia</subfield></datafield><datafield ind1=" " ind2=" " tag="338"><subfield code="b">nc</subfield><subfield code="2">rdacarrier</subfield></datafield><datafield ind1="1" ind2=" " tag="490"><subfield code="a">Atherosclerosis reviews</subfield><subfield code="v">vol. 18</subfield></datafield><datafield ind1=" " ind2=" " tag="500"><subfield code="a">Proceedings of a symposium held in Paris, December 4-5, 1987</subfield></datafield><datafield ind1=" " ind2=" " tag="500"><subfield code="a">Congrès de médecine. Paris. 1987</subfield></datafield><datafield ind1=" " ind2="2" tag="650"><subfield code="a">Hypercholesterolemia</subfield><subfield code="x">drug therapy</subfield></datafield><datafield ind1=" " ind2="2" tag="650"><subfield code="a">Hypercholesterolemia</subfield></datafield><datafield ind1=" " ind2="2" tag="655"><subfield code="a">Congress</subfield></datafield><datafield ind1="1" ind2=" " tag="700"><subfield code="a">Stokes, Joseph</subfield><subfield code="0">(RERO)A003555867</subfield></datafield><datafield ind1="1" ind2=" " tag="700"><subfield code="a">Mancini, Mario</subfield><subfield code="c">médecin</subfield><subfield code="0">(IDREF)029396387</subfield><subfield code="4">pbl</subfield></datafield><datafield ind1=" " ind2="0" tag="830"><subfield code="a">Atherosclerosis reviews</subfield><subfield code="v">18</subfield><subfield code="w">(RERO)0456571-41slsp</subfield></datafield><datafield ind1=" " ind2=" " tag="900"><subfield code="a">REROnoselfmerge</subfield></datafield><datafield ind1=" " ind2=" " tag="900"><subfield code="a">IDSERE21BLIMPORT</subfield></datafield></record>
</metadata></record>