<record><header><identifier>oai:alma.41SLSP_UGE:991000107509705502</identifier><datestamp>2023-04-14T00:13:45Z</datestamp><setSpec>uge_bcen_RapidILL_BOOK</setSpec><setSpec>uge_aaca_RapidILL_BOOK</setSpec><setSpec>uge_abels_RapidILL_BOOK</setSpec><setSpec>uge_dbu_RapidILL_BOOK</setSpec><setSpec>uge_cmu_RapidILL_BOOK</setSpec><setSpec>uge_mail_RapidILL_BOOK</setSpec><setSpec>uge_abbat_RapidILL_BOOK</setSpec><setSpec>UNIGE_ALL</setSpec><setSpec>uge_aobs_RapidILL_BOOK</setSpec><setSpec>uge_acar_RapidILL_BOOK</setSpec></header><metadata>
<record xmlns="http://www.loc.gov/MARC21/slim" xmlns:xsi="http://www.w3.org/2001/XMLSchema-instance" xsi:schemaLocation="http://www.loc.gov/MARC21/slim http://www.loc.gov/standards/marcxml/schema/MARC21slim.xsd"><leader>01427nam a22003852c 4500</leader><controlfield tag="001">991000107509705502</controlfield><controlfield tag="005">20230413175147.0</controlfield><controlfield tag="008">140103s2013    gw ||||| |||| 00| ||eng d</controlfield><datafield ind1=" " ind2=" " tag="020"><subfield code="a">3631625979</subfield></datafield><datafield ind1=" " ind2=" " tag="020"><subfield code="a">9783631625972</subfield></datafield><datafield ind1="7" ind2=" " tag="024"><subfield code="a">http://catalogue.bnf.fr/ark:/12148/cb43634409q</subfield><subfield code="2">uri</subfield></datafield><datafield ind1=" " ind2=" " tag="035"><subfield code="a">(swissbib)118802062-41slsp_network</subfield></datafield><datafield ind1=" " ind2=" " tag="035"><subfield code="a">118802062</subfield><subfield code="9">ExL</subfield></datafield><datafield ind1=" " ind2=" " tag="035"><subfield code="a">(RERO)R007589586-41slsp</subfield></datafield><datafield ind1=" " ind2=" " tag="035"><subfield code="a">(EXLNZ-41SLSP_NETWORK)991102843259705501</subfield></datafield><datafield ind1=" " ind2=" " tag="040"><subfield code="a">FRBNF</subfield><subfield code="d">CH-ZuSLS</subfield></datafield><datafield ind1=" " ind2="7" tag="072"><subfield code="a">pe</subfield><subfield code="2">rero</subfield></datafield><datafield ind1="1" ind2=" " tag="100"><subfield code="a">Keskitalo, Pigga</subfield><subfield code="d">1972-....</subfield><subfield code="0">(IDREF)240624726</subfield><subfield code="4">cre</subfield></datafield><datafield ind1="1" ind2="0" tag="245"><subfield code="a">Sámi education</subfield><subfield code="c">Pigga Keskitalo, Kaarina Määttä, Satu Uusiautti</subfield></datafield><datafield ind1=" " ind2="1" tag="264"><subfield code="a">Frankfurt am Main</subfield><subfield code="b">P. Lang Edition</subfield><subfield code="c">2013</subfield></datafield><datafield ind1=" " ind2=" " tag="300"><subfield code="a">119 p.</subfield><subfield code="b">ill.</subfield><subfield code="c">22 cm</subfield></datafield><datafield ind1=" " ind2=" " tag="336"><subfield code="b">txt</subfield><subfield code="2">rdacontent</subfield></datafield><datafield ind1=" " ind2=" " tag="337"><subfield code="b">n</subfield><subfield code="2">rdamedia</subfield></datafield><datafield ind1=" " ind2=" " tag="338"><subfield code="b">nc</subfield><subfield code="2">rdacarrier</subfield></datafield><datafield ind1=" " ind2=" " tag="500"><subfield code="a">Includes bibliographical references</subfield></datafield><datafield ind1=" " ind2="7" tag="650"><subfield code="a">Éducation</subfield><subfield code="0">(IDREF)027555100</subfield><subfield code="2">idref</subfield></datafield><datafield ind1=" " ind2="7" tag="650"><subfield code="a">Lapons</subfield><subfield code="0">(IDREF)027309436</subfield><subfield code="2">idref</subfield></datafield><datafield ind1=" " ind2="7" tag="650"><subfield code="a">Conditions sociales</subfield><subfield code="0">(IDREF)02766435X</subfield><subfield code="2">idref</subfield></datafield><datafield ind1=" " ind2="7" tag="650"><subfield code="a">Lapon (langue)</subfield><subfield code="0">(IDREF)027430316</subfield><subfield code="2">idref</subfield></datafield><datafield ind1=" " ind2="7" tag="650"><subfield code="a">Étude et enseignement</subfield><subfield code="0">(IDREF)027789853</subfield><subfield code="2">idref</subfield></datafield><datafield ind1=" " ind2="7" tag="650"><subfield code="a">Enseignement bilingue</subfield><subfield code="0">(IDREF)027815501</subfield><subfield code="2">idref</subfield></datafield><datafield ind1=" " ind2="7" tag="651"><subfield code="a">Savoie (France)</subfield><subfield code="0">(IDREF)027417298</subfield><subfield code="2">idref</subfield></datafield><datafield ind1="1" ind2=" " tag="700"><subfield code="a">Määttä, Kaarina</subfield><subfield code="0">(IDREF)184189950</subfield></datafield><datafield ind1="1" ind2=" " tag="700"><subfield code="a">Uusiautti, Satu</subfield><subfield code="0">(IDREF)184190037</subfield></datafield><datafield ind1=" " ind2=" " tag="900"><subfield code="a">REROnoselfmerge</subfield></datafield><datafield ind1=" " ind2=" " tag="910"><subfield code="a">BNF</subfield><subfield code="b">20140103</subfield><subfield code="c">Droits réservés</subfield></datafield></record>
</metadata></record>