<record><header><identifier>oai:alma.41SLSP_UGE:991000816089705502</identifier><datestamp>2024-09-12T00:06:58Z</datestamp><setSpec>uge_bcen_RapidILL_BOOK</setSpec><setSpec>uge_aaca_RapidILL_BOOK</setSpec><setSpec>uge_abels_RapidILL_BOOK</setSpec><setSpec>uge_dbu_RapidILL_BOOK</setSpec><setSpec>uge_cmu_RapidILL_BOOK</setSpec><setSpec>uge_mail_RapidILL_BOOK</setSpec><setSpec>uge_abbat_RapidILL_BOOK</setSpec><setSpec>UNIGE_ALL</setSpec><setSpec>uge_acar_RapidILL_BOOK</setSpec><setSpec>uge_aobs_RapidILL_BOOK</setSpec></header><metadata>
<record xmlns="http://www.loc.gov/MARC21/slim" xmlns:xsi="http://www.w3.org/2001/XMLSchema-instance" xsi:schemaLocation="http://www.loc.gov/MARC21/slim http://www.loc.gov/standards/marcxml/schema/MARC21slim.xsd"><leader>01072naa a2200241 c 4500</leader><controlfield tag="001">991000816089705502</controlfield><controlfield tag="005">20240911141647.0</controlfield><controlfield tag="008">950526s1994    xxc||||| |||| 00| ||eng d</controlfield><datafield ind1=" " ind2=" " tag="035"><subfield code="a">(swissbib)089993543-41slsp_network</subfield></datafield><datafield ind1=" " ind2=" " tag="035"><subfield code="a">089993543</subfield><subfield code="9">ExL</subfield></datafield><datafield ind1=" " ind2=" " tag="035"><subfield code="a">(RERO)2026346-41slsp</subfield></datafield><datafield ind1=" " ind2=" " tag="035"><subfield code="a">(EXLNZ-41SLSP_NETWORK)991095781949705501</subfield></datafield><datafield ind1=" " ind2=" " tag="040"><subfield code="a">RERO geucmu</subfield><subfield code="d">CH-ZuSLS</subfield></datafield><datafield ind1=" " ind2="7" tag="072"><subfield code="a">me</subfield><subfield code="2">rero</subfield></datafield><datafield ind1="0" ind2="0" tag="245"><subfield code="a">&lt;&lt;A&gt;&gt; comparison of pipecuronium with pancuronium on haemodynamic variables and plasma catecholamines in coronary artery bypass patients</subfield><subfield code="c">Peter P. Neidhart... [et al.]</subfield></datafield><datafield ind1=" " ind2=" " tag="336"><subfield code="b">txt</subfield><subfield code="2">rdacontent</subfield></datafield><datafield ind1=" " ind2=" " tag="337"><subfield code="b">n</subfield><subfield code="2">rdamedia</subfield></datafield><datafield ind1=" " ind2=" " tag="338"><subfield code="b">nc</subfield><subfield code="2">rdacarrier</subfield></datafield><datafield ind1=" " ind2=" " tag="508"><subfield code="a">Autre(s) auteur(s): Paul Champion, John Vogel, Elemer K. Zsigmond, Edömer Tassonyi</subfield></datafield><datafield ind1=" " ind2=" " tag="580"><subfield code="a">In: Canadian journal of anaesthesia. - Toronto. - Vol. 41(1994), no 6, p. 469-474</subfield></datafield><datafield ind1="1" ind2=" " tag="700"><subfield code="a">Neidhart, Peter</subfield><subfield code="d">1944?-2023</subfield><subfield code="0">(IDREF)279820461</subfield><subfield code="4">aut</subfield></datafield><datafield ind1="1" ind2=" " tag="700"><subfield code="a">Tassonyi, Edömer</subfield><subfield code="0">(RERO)A006417554</subfield><subfield code="4">aut</subfield></datafield><datafield ind1="0" ind2=" " tag="773"><subfield code="t">Canadian journal of anaesthesia = Journal canadien d'anesthésie</subfield><subfield code="g">1994/469</subfield><subfield code="g">yr:1994</subfield><subfield code="w">(RERO)0810985-41slsp</subfield></datafield><datafield ind1=" " ind2=" " tag="900"><subfield code="a">REROnoselfmerge</subfield></datafield></record>
</metadata></record>