<record><header><identifier>oai:alma.41SLSP_UGE:991000815779705502</identifier><datestamp>2023-03-01T01:10:25Z</datestamp><setSpec>uge_bcen_RapidILL_BOOK</setSpec><setSpec>uge_aaca_RapidILL_BOOK</setSpec><setSpec>uge_abels_RapidILL_BOOK</setSpec><setSpec>uge_dbu_RapidILL_BOOK</setSpec><setSpec>uge_cmu_RapidILL_BOOK</setSpec><setSpec>uge_mail_RapidILL_BOOK</setSpec><setSpec>UNIGE_ALL</setSpec><setSpec>uge_abbat_RapidILL_BOOK</setSpec><setSpec>uge_aobs_RapidILL_BOOK</setSpec><setSpec>uge_acar_RapidILL_BOOK</setSpec></header><metadata>
<record xmlns="http://www.loc.gov/MARC21/slim" xmlns:xsi="http://www.w3.org/2001/XMLSchema-instance" xsi:schemaLocation="http://www.loc.gov/MARC21/slim http://www.loc.gov/standards/marcxml/schema/MARC21slim.xsd"><leader>02003nam a2200409 c 4500</leader><controlfield tag="001">991000815779705502</controlfield><controlfield tag="005">20230214201425.0</controlfield><controlfield tag="008">201011s1992    be ||||| |||| 10| ||eng d</controlfield><datafield ind1=" " ind2=" " tag="020"><subfield code="a">2802705407</subfield></datafield><datafield ind1=" " ind2=" " tag="035"><subfield code="a">(swissbib)216349567-41slsp_network</subfield></datafield><datafield ind1=" " ind2=" " tag="035"><subfield code="a">216349567</subfield><subfield code="9">ExL</subfield></datafield><datafield ind1=" " ind2=" " tag="035"><subfield code="a">(RERO)1673261-41slsp</subfield></datafield><datafield ind1=" " ind2=" " tag="035"><subfield code="a">(NEBIS)001298738EBI01</subfield></datafield><datafield ind1=" " ind2=" " tag="035"><subfield code="a">(EXLNZ-41SLSP_NETWORK)991152943159705501</subfield></datafield><datafield ind1=" " ind2=" " tag="040"><subfield code="a">RERO geubfd</subfield><subfield code="d">CH-ZuSLS</subfield></datafield><datafield ind1="0" ind2=" " tag="041"><subfield code="a">eng</subfield><subfield code="a">fre</subfield><subfield code="a">dut</subfield></datafield><datafield ind1=" " ind2="7" tag="072"><subfield code="a">dr</subfield><subfield code="2">rero</subfield></datafield><datafield ind1=" " ind2=" " tag="084"><subfield code="a">A 89.9 e</subfield><subfield code="2">cjurrom</subfield></datafield><datafield ind1="0" ind2="0" tag="245"><subfield code="a">&lt;&lt;La&gt;&gt; prostitution</subfield><subfield code="b">quarante ans après la Convention de New York</subfield><subfield code="c">actes du Congrès org. à Bruxelles les 1, 2 et 3 mars 1990 par l'Ecole des sciences criminologiques Léon Cornil et le Centre de recherche-action et de consultations en sexo-criminologie</subfield></datafield><datafield ind1=" " ind2="1" tag="264"><subfield code="a">Bruxelles</subfield><subfield code="b">Bruylant</subfield><subfield code="c">1992</subfield></datafield><datafield ind1=" " ind2=" " tag="300"><subfield code="a">486 p.</subfield><subfield code="b">ill.</subfield><subfield code="c">24 cm</subfield></datafield><datafield ind1=" " ind2=" " tag="336"><subfield code="b">txt</subfield><subfield code="2">rdacontent</subfield></datafield><datafield ind1=" " ind2=" " tag="337"><subfield code="b">n</subfield><subfield code="2">rdamedia</subfield></datafield><datafield ind1=" " ind2=" " tag="338"><subfield code="b">nc</subfield><subfield code="2">rdacarrier</subfield></datafield><datafield ind1="1" ind2=" " tag="490"><subfield code="a">Collection des travaux de l'Ecole des sciences criminologiques Léon Cornil</subfield></datafield><datafield ind1=" " ind2=" " tag="500"><subfield code="a">In der Reihenübersicht auch als Band 5 bezeichnet</subfield></datafield><datafield ind1=" " ind2=" " tag="500"><subfield code="a">Später in der Gesamtreihenübersicht als Band 14 bezeichnet (2002)</subfield></datafield><datafield ind1=" " ind2=" " tag="504"><subfield code="a">Literaturverz.</subfield></datafield><datafield ind1=" " ind2="7" tag="650"><subfield code="a">Prostitution</subfield><subfield code="0">(IDREF)027241432</subfield><subfield code="2">idref</subfield></datafield><datafield ind1=" " ind2="7" tag="650"><subfield code="a">Droit comparé</subfield><subfield code="0">(IDREF)027741451</subfield><subfield code="2">idref</subfield></datafield><datafield ind1=" " ind2="7" tag="655"><subfield code="a">Actes de congrès</subfield><subfield code="0">(IDREF)02886431X</subfield><subfield code="2">idref</subfield></datafield><datafield ind1=" " ind2="7" tag="655"><subfield code="a">Konferenzschrift</subfield><subfield code="z">Bruxelles</subfield><subfield code="y">1990</subfield><subfield code="2">gnd-content</subfield></datafield><datafield ind1="2" ind2=" " tag="710"><subfield code="a">École des Sciences Criminologiques Léon Cornil</subfield><subfield code="0">(DE-588)1042583-4</subfield></datafield><datafield ind1="2" ind2=" " tag="710"><subfield code="a">Université libre de Bruxelles</subfield><subfield code="b">Ecole des sciences criminologiques &quot;Léon Cornil&quot;</subfield><subfield code="b">Congrès</subfield><subfield code="d">1990</subfield><subfield code="c">Bruxelles</subfield><subfield code="0">(RERO)A012447395</subfield></datafield><datafield ind1="2" ind2=" " tag="710"><subfield code="a">Centre de recherche-action et de consultations en sexo-criminologie (Bruxelles)</subfield><subfield code="b">Congrès</subfield><subfield code="d">1990</subfield><subfield code="c">Bruxelles</subfield><subfield code="0">(RERO)A012447396</subfield></datafield><datafield ind1=" " ind2=" " tag="830"><subfield code="a">Collection des travaux et monographies de l'Ecole des sciences criminologiques Léon Cornil</subfield><subfield code="v">7</subfield><subfield code="w">(NEBIS)001298739EBI01</subfield></datafield><datafield ind1=" " ind2=" " tag="900"><subfield code="a">REROnoselfmerge</subfield></datafield><datafield ind1=" " ind2=" " tag="900"><subfield code="a">IDSZ2rwimon200811l</subfield><subfield code="c">IDSZ2biss</subfield></datafield></record>
</metadata></record>