<record><header><identifier>oai:alma.41SLSP_UGE:991000816299705502</identifier><datestamp>2023-03-01T01:10:25Z</datestamp><setSpec>uge_bcen_RapidILL_BOOK</setSpec><setSpec>uge_aaca_RapidILL_BOOK</setSpec><setSpec>uge_abels_RapidILL_BOOK</setSpec><setSpec>uge_dbu_RapidILL_BOOK</setSpec><setSpec>uge_cmu_RapidILL_BOOK</setSpec><setSpec>uge_mail_RapidILL_BOOK</setSpec><setSpec>UNIGE_ALL</setSpec><setSpec>uge_abbat_RapidILL_BOOK</setSpec><setSpec>uge_aobs_RapidILL_BOOK</setSpec><setSpec>uge_acar_RapidILL_BOOK</setSpec></header><metadata>
<record xmlns="http://www.loc.gov/MARC21/slim" xmlns:xsi="http://www.w3.org/2001/XMLSchema-instance" xsi:schemaLocation="http://www.loc.gov/MARC21/slim http://www.loc.gov/standards/marcxml/schema/MARC21slim.xsd"><leader>01451nam a2200421 c 4500</leader><controlfield tag="001">991000816299705502</controlfield><controlfield tag="005">20211202205517.0</controlfield><controlfield tag="008">201012s1984    sp ||||| |||| 00| ||spa d</controlfield><datafield ind1=" " ind2=" " tag="020"><subfield code="a">840190529X</subfield></datafield><datafield ind1=" " ind2=" " tag="020"><subfield code="a">9788401905292</subfield></datafield><datafield ind1=" " ind2=" " tag="035"><subfield code="a">(swissbib)240188098-41slsp_network</subfield></datafield><datafield ind1=" " ind2=" " tag="035"><subfield code="a">240188098</subfield><subfield code="9">ExL</subfield></datafield><datafield ind1=" " ind2=" " tag="035"><subfield code="a">(RERO)0656049-41slsp</subfield></datafield><datafield ind1=" " ind2=" " tag="035"><subfield code="a">(NEBIS)003253316EBI01</subfield></datafield><datafield ind1=" " ind2=" " tag="035"><subfield code="a">(IDSBB)000724699DSV01</subfield></datafield><datafield ind1=" " ind2=" " tag="035"><subfield code="a">(NEBIS)009377994EBI01</subfield></datafield><datafield ind1=" " ind2=" " tag="035"><subfield code="a">(EXLNZ-41SLSP_NETWORK)991157656319705501</subfield></datafield><datafield ind1=" " ind2=" " tag="040"><subfield code="a">RERO labcud</subfield><subfield code="d">CH-ZuSLS</subfield></datafield><datafield ind1=" " ind2="7" tag="072"><subfield code="a">es</subfield><subfield code="2">rero</subfield></datafield><datafield ind1=" " ind2="7" tag="072"><subfield code="a">ir</subfield><subfield code="2">SzZuIDS BS/BE</subfield></datafield><datafield ind1="0" ind2="4" tag="082"><subfield code="a">863.5</subfield></datafield><datafield ind1="0" ind2="4" tag="082"><subfield code="a">868</subfield></datafield><datafield ind1="1" ind2=" " tag="100"><subfield code="a">Alarcón, Pedro Antonio &lt;&lt;de&gt;&gt;</subfield><subfield code="d">1833-1891</subfield><subfield code="0">(DE-588)118869302</subfield><subfield code="6">880-01</subfield></datafield><datafield ind1="1" ind2=" " tag="880"><subfield code="6">100-01</subfield><subfield code="a">Alarcón, Pedro Antonio de</subfield><subfield code="d">1833-1891</subfield><subfield code="0">(IDREF)026680025</subfield><subfield code="4">cre</subfield></datafield><datafield ind1="1" ind2="0" tag="245"><subfield code="a">Cuentos y novelas cortas</subfield><subfield code="c">Pedro Antonio de Alarcón ; ed. de Ángel Basanta Folgueira</subfield></datafield><datafield ind1=" " ind2="1" tag="264"><subfield code="a">Barcelona</subfield><subfield code="b">Plaza y Janés</subfield><subfield code="c">1984</subfield></datafield><datafield ind1=" " ind2=" " tag="300"><subfield code="a">315 p.</subfield><subfield code="c">18 cm</subfield></datafield><datafield ind1=" " ind2=" " tag="336"><subfield code="b">txt</subfield><subfield code="2">rdacontent</subfield></datafield><datafield ind1=" " ind2=" " tag="337"><subfield code="b">n</subfield><subfield code="2">rdamedia</subfield></datafield><datafield ind1=" " ind2=" " tag="338"><subfield code="b">nc</subfield><subfield code="2">rdacarrier</subfield></datafield><datafield ind1="1" ind2=" " tag="490"><subfield code="a">Clásicos Plaza y Janés</subfield><subfield code="v">10</subfield></datafield><datafield ind1=" " ind2=" " tag="504"><subfield code="a">Includes bibliographical references</subfield></datafield><datafield ind1=" " ind2="0" tag="650"><subfield code="a">Spanish literature</subfield><subfield code="y">18th century</subfield></datafield><datafield ind1="1" ind2=" " tag="700"><subfield code="a">Basanta, Angel</subfield></datafield><datafield ind1="1" ind2=" " tag="700"><subfield code="a">Basanta Folgueira, Ángel</subfield><subfield code="0">(RERO)A002974246</subfield></datafield><datafield ind1=" " ind2=" " tag="830"><subfield code="a">Clásicos Plaza &amp; Janés</subfield><subfield code="v">10</subfield><subfield code="w">(NEBIS)006029423EBI01</subfield></datafield><datafield ind1=" " ind2=" " tag="830"><subfield code="a">Clásicos Plaza y Janés</subfield><subfield code="v">10</subfield><subfield code="w">(RERO)0817748-41slsp</subfield></datafield><datafield ind1=" " ind2=" " tag="900"><subfield code="a">REROnoselfmerge</subfield></datafield><datafield ind1=" " ind2=" " tag="900"><subfield code="a">IDSZRMedeaZBZ</subfield><subfield code="c">IDSZRcadu</subfield><subfield code="e">IDSZRgenh</subfield></datafield><datafield ind1=" " ind2=" " tag="993"><subfield code="a">BFLA 53664</subfield><subfield code="x">ge/ules/d/91/817</subfield><subfield code="9">LOCAL</subfield></datafield></record>
</metadata></record>