<record><header><identifier>oai:alma.41SLSP_UGE:991000816409705502</identifier><datestamp>2024-05-27T00:08:11Z</datestamp><setSpec>UNIGE_ALL</setSpec></header><metadata>
<record xmlns="http://www.loc.gov/MARC21/slim" xmlns:xsi="http://www.w3.org/2001/XMLSchema-instance" xsi:schemaLocation="http://www.loc.gov/MARC21/slim http://www.loc.gov/standards/marcxml/schema/MARC21slim.xsd"><leader>03914njm a2200781 c 4500</leader><controlfield tag="001">991000816409705502</controlfield><controlfield tag="005">20240322114447.0</controlfield><controlfield tag="007">sd#f||g|||||||</controlfield><controlfield tag="008">201012t19891989xx ||n||            fre d</controlfield><datafield ind1="0" ind2="2" tag="028"><subfield code="a">Cascavelle VEL 1006</subfield></datafield><datafield ind1="3" ind2="2" tag="028"><subfield code="a">VEL 1006</subfield></datafield><datafield ind1=" " ind2=" " tag="035"><subfield code="a">(swissbib)237289512-41slsp_network</subfield></datafield><datafield ind1=" " ind2=" " tag="035"><subfield code="a">237289512</subfield><subfield code="9">ExL</subfield></datafield><datafield ind1=" " ind2=" " tag="035"><subfield code="a">(RERO)1180780-41slsp</subfield></datafield><datafield ind1=" " ind2=" " tag="035"><subfield code="a">(IDSLU)000548085ILU01</subfield></datafield><datafield ind1=" " ind2=" " tag="035"><subfield code="a">(NEBIS)001531126EBI01</subfield></datafield><datafield ind1=" " ind2=" " tag="035"><subfield code="a">(EXLNZ-41SLSP_NETWORK)991128057359705501</subfield></datafield><datafield ind1=" " ind2=" " tag="040"><subfield code="a">RERO labcur</subfield><subfield code="d">CH-ZuSLS</subfield></datafield><datafield ind1=" " ind2="7" tag="072"><subfield code="a">mu</subfield><subfield code="2">rero</subfield></datafield><datafield ind1=" " ind2="7" tag="072"><subfield code="a">480</subfield><subfield code="2">IDS LU</subfield></datafield><datafield ind1="1" ind2=" " tag="100"><subfield code="a">Henze, Hans Werner</subfield><subfield code="d">1926-2012</subfield><subfield code="6">880-01</subfield><subfield code="0">(DE-588)118549383</subfield></datafield><datafield ind1="1" ind2=" " tag="880"><subfield code="6">100-01</subfield><subfield code="a">Henze, Hans Werner</subfield><subfield code="d">1926-2012</subfield><subfield code="0">(IDREF)030262747</subfield><subfield code="4">cre</subfield></datafield><datafield ind1="1" ind2="0" tag="240"><subfield code="a">Boulevard Solitude</subfield></datafield><datafield ind1="1" ind2="0" tag="245"><subfield code="a">Boulevard solitude</subfield><subfield code="c">Hans Werner Henze</subfield></datafield><datafield ind1=" " ind2="1" tag="264"><subfield code="a">[Lieu de publication non identifié]</subfield><subfield code="b">Cascavelle</subfield><subfield code="c">P 1989</subfield></datafield><datafield ind1=" " ind2="4" tag="264"><subfield code="c">℗1989</subfield></datafield><datafield ind1=" " ind2=" " tag="300"><subfield code="a">2 DISQUES COMPACTS EN 1 COFFRET</subfield><subfield code="b">stéréo</subfield><subfield code="c">12 cm</subfield><subfield code="e">1 livret</subfield></datafield><datafield ind1=" " ind2=" " tag="336"><subfield code="b">prm</subfield><subfield code="2">rdacontent</subfield></datafield><datafield ind1=" " ind2=" " tag="337"><subfield code="b">s</subfield><subfield code="2">rdamedia</subfield></datafield><datafield ind1=" " ind2=" " tag="338"><subfield code="b">sd</subfield><subfield code="2">rdacarrier</subfield></datafield><datafield ind1=" " ind2=" " tag="382"><subfield code="a">Singstimme</subfield><subfield code="n">mehrere</subfield><subfield code="a">Gemischter Chor</subfield><subfield code="n">1</subfield><subfield code="a">Orchester</subfield><subfield code="n">1</subfield><subfield code="2">idsmusi</subfield></datafield><datafield ind1=" " ind2=" " tag="500"><subfield code="a">Opéra en 7 tableaux, livret de Grete Weill inspiré de &quot;Manon Lescaut&quot; de l'Abbé Prévot</subfield></datafield><datafield ind1=" " ind2=" " tag="500"><subfield code="a">Enregistrement public réalisé au Théâtre municipal de Lausanne 1987</subfield></datafield><datafield ind1=" " ind2=" " tag="500"><subfield code="a">Aufnahme: Lausanne, Thatre Municipal, Nov 1987 ; DDD</subfield></datafield><datafield ind1=" " ind2=" " tag="500"><subfield code="a">Beil. enthält dt. Libretto mit franz. und engl. Uebers.</subfield></datafield><datafield ind1=" " ind2=" " tag="500"><subfield code="a">Deutsch gesungen</subfield></datafield><datafield ind1="0" ind2=" " tag="511"><subfield code="a">Interpr.: Anguelov, Ivan (direction) ; Vassilieva, Elena (soprano, Manon Lescaut) ; Pruett, Jérôme (ténor, Armand des Grieux) ; Falkmann, Carl-John (baryton, Lescaut) ; Salzmann, Jean-Marc (baryton, Francis) ; Brewer, Bruce (ténor, Lilaque père) ; Ottevaere, Daniel (baryton, Lilaque fils) ; Orchestre des rencontres musicales (Lausanne) (orch.) ; Théâtre municipal (Lausanne) (choeurs) ; Choeur d'enfants (Epalinges) (choeurs)</subfield></datafield><datafield ind1=" " ind2="7" tag="655"><subfield code="a">Oper</subfield><subfield code="y">20. Jh.</subfield><subfield code="2">idsmusg</subfield></datafield><datafield ind1=" " ind2="7" tag="655"><subfield code="z">Deutschland</subfield><subfield code="2">idsmusg</subfield></datafield><datafield ind1=" " ind2="7" tag="655"><subfield code="y">20. Jh.</subfield><subfield code="2">idsmusg</subfield></datafield><datafield ind1=" " ind2="7" tag="655"><subfield code="a">CD</subfield><subfield code="2">gnd-carrier</subfield></datafield><datafield ind1=" " ind2=" " tag="690"><subfield code="a">Oper</subfield><subfield code="q">Singstimme (mehrere), Chor, Orchester</subfield><subfield code="t">20. Jh.</subfield><subfield code="v">Ton</subfield><subfield code="2">ids-music</subfield></datafield><datafield ind1=" " ind2=" " tag="690"><subfield code="a">Bühnenmusik / Musik zu szenischen Werken (Oper, Operette, Musical, Ballett)</subfield><subfield code="2">rzs-LB</subfield></datafield><datafield ind1=" " ind2=" " tag="690"><subfield code="a">Oper</subfield><subfield code="2">ids-music</subfield></datafield><datafield ind1=" " ind2=" " tag="690"><subfield code="a">Deutschland</subfield><subfield code="2">ids-music</subfield></datafield><datafield ind1=" " ind2=" " tag="690"><subfield code="a">20. Jh.</subfield><subfield code="2">ids-music</subfield></datafield><datafield ind1="1" ind2="2" tag="700"><subfield code="a">Henze, Hans Werner</subfield><subfield code="d">1926-2012</subfield><subfield code="t">Boulevard Solitude</subfield><subfield code="0">(DE-588)300890265</subfield></datafield><datafield ind1="1" ind2=" " tag="700"><subfield code="a">Weil, Grete</subfield><subfield code="d">1906-1999</subfield><subfield code="0">(DE-588)119074052</subfield></datafield><datafield ind1="1" ind2=" " tag="700"><subfield code="6">880-12</subfield><subfield code="a">Pruett, Jérôme</subfield><subfield code="0">(RERO)A003714865</subfield></datafield><datafield ind1="1" ind2=" " tag="880"><subfield code="6">700-12/(B</subfield><subfield code="a">Pruett, Jerome</subfield><subfield code="0">(DE-588)134489292</subfield></datafield><datafield ind1="1" ind2=" " tag="700"><subfield code="6">880-13</subfield><subfield code="a">Salzmann, Jean-Marc</subfield><subfield code="c">artiste lyrique</subfield><subfield code="d">19..-....</subfield><subfield code="0">(IDREF)155256548</subfield></datafield><datafield ind1="1" ind2=" " tag="880"><subfield code="6">700-13/(B</subfield><subfield code="a">Salzmann, Jean-Marc</subfield><subfield code="0">(DE-588)134931521</subfield></datafield><datafield ind1="1" ind2=" " tag="700"><subfield code="6">880-14</subfield><subfield code="a">Brewer, Bruce</subfield><subfield code="0">(RERO)A003042337</subfield></datafield><datafield ind1="1" ind2=" " tag="880"><subfield code="a">Brewer, Bruce</subfield><subfield code="d">1944-</subfield><subfield code="6">700-14/(B</subfield><subfield code="0">(DE-588)134659929</subfield></datafield><datafield ind1="1" ind2=" " tag="700"><subfield code="6">880-15</subfield><subfield code="a">Ottevaere, Daniel</subfield><subfield code="d">19..-....</subfield><subfield code="0">(IDREF)159124972</subfield></datafield><datafield ind1="1" ind2=" " tag="880"><subfield code="a">Ottevaere, Daniel</subfield><subfield code="6">700-15/(B</subfield><subfield code="0">(DE-588)134478339</subfield></datafield><datafield ind1="1" ind2=" " tag="700"><subfield code="6">880-16</subfield><subfield code="a">Anguélov, Yvan</subfield><subfield code="c">chef d'orchestre</subfield><subfield code="d">19..-....</subfield><subfield code="0">(IDREF)251287882</subfield></datafield><datafield ind1="1" ind2=" " tag="880"><subfield code="a">Anguélov, Ivan</subfield><subfield code="6">700-16/(B</subfield><subfield code="0">(DE-588)135115507</subfield></datafield><datafield ind1="1" ind2=" " tag="700"><subfield code="6">880-07</subfield><subfield code="a">Vassilieva, Elena</subfield><subfield code="0">(DE-588)135463009</subfield></datafield><datafield ind1="1" ind2=" " tag="880"><subfield code="6">700-07</subfield><subfield code="a">Vassilieva, Elena</subfield><subfield code="0">(RERO)A003933520</subfield></datafield><datafield ind1="1" ind2=" " tag="700"><subfield code="a">Falkmann, Carl-John</subfield><subfield code="0">(RERO)A003230183</subfield></datafield><datafield ind1="2" ind2=" " tag="710"><subfield code="a">Théâtre Municipal</subfield><subfield code="g">Lausanne</subfield><subfield code="b">Choeur</subfield><subfield code="0">(DE-588)10288949-1</subfield></datafield><datafield ind1="2" ind2=" " tag="710"><subfield code="6">880-18</subfield><subfield code="a">Opéra de Lausanne</subfield><subfield code="b">Choeur</subfield><subfield code="0">(IDREF)159213371</subfield></datafield><datafield ind1="2" ind2=" " tag="880"><subfield code="a">Théâtre municipal de Lausanne</subfield><subfield code="b">Opéra</subfield><subfield code="b">Choeur</subfield><subfield code="6">710-18/(B</subfield><subfield code="0">(DE-588)5561232-5</subfield></datafield><datafield ind1="2" ind2=" " tag="710"><subfield code="6">880-19</subfield><subfield code="a">Choeur d'enfants (Epalinges)</subfield><subfield code="0">(RERO)A003103551</subfield></datafield><datafield ind1="2" ind2=" " tag="880"><subfield code="6">710-19/(B</subfield><subfield code="a">Choeur d'Enfants</subfield><subfield code="g">Epalinges</subfield><subfield code="0">(DE-588)16141991-4</subfield></datafield><datafield ind1="2" ind2=" " tag="710"><subfield code="6">880-11</subfield><subfield code="a">Orchestre des rencontres musicales</subfield><subfield code="0">(IDREF)115946578</subfield></datafield><datafield ind1="2" ind2=" " tag="880"><subfield code="6">710-11</subfield><subfield code="a">Orchestre des Rencontres musicales</subfield><subfield code="0">(DE-588)5051539-1</subfield></datafield><datafield ind1=" " ind2=" " tag="900"><subfield code="a">REROnoselfmerge</subfield></datafield><datafield ind1=" " ind2=" " tag="960"><subfield code="2">matmu</subfield><subfield code="a">Allemagne; XXème; Contemporain; opéra</subfield><subfield code="9">LOCAL</subfield></datafield></record>
</metadata></record>