<record><header><identifier>oai:alma.41SLSP_UGE:991000816699705502</identifier><datestamp>2024-03-15T01:21:39Z</datestamp><setSpec>uge_bcen_RapidILL_BOOK</setSpec><setSpec>uge_aaca_RapidILL_BOOK</setSpec><setSpec>uge_abels_RapidILL_BOOK</setSpec><setSpec>uge_dbu_RapidILL_BOOK</setSpec><setSpec>uge_cmu_RapidILL_BOOK</setSpec><setSpec>uge_mail_RapidILL_BOOK</setSpec><setSpec>uge_abbat_RapidILL_BOOK</setSpec><setSpec>UNIGE_ALL</setSpec><setSpec>uge_aobs_RapidILL_BOOK</setSpec><setSpec>uge_acar_RapidILL_BOOK</setSpec></header><metadata>
<record xmlns="http://www.loc.gov/MARC21/slim" xmlns:xsi="http://www.w3.org/2001/XMLSchema-instance" xsi:schemaLocation="http://www.loc.gov/MARC21/slim http://www.loc.gov/standards/marcxml/schema/MARC21slim.xsd"><leader>01340nam a22003132c 4500</leader><controlfield tag="001">991000816699705502</controlfield><controlfield tag="005">20240314205926.0</controlfield><controlfield tag="008">180307s1546    gw ||||| |||| 00| ||ger d</controlfield><datafield ind1=" " ind2=" " tag="035"><subfield code="a">(swissbib)124618448-41slsp_network</subfield></datafield><datafield ind1=" " ind2=" " tag="035"><subfield code="a">124618448</subfield><subfield code="9">ExL</subfield></datafield><datafield ind1=" " ind2=" " tag="035"><subfield code="a">(RERO)R008773291-41slsp</subfield></datafield><datafield ind1=" " ind2=" " tag="035"><subfield code="a">(EXLNZ-41SLSP_NETWORK)991108134209705501</subfield></datafield><datafield ind1=" " ind2=" " tag="040"><subfield code="a">RERO geuchr</subfield><subfield code="d">CH-ZuSLS</subfield></datafield><datafield ind1=" " ind2="7" tag="072"><subfield code="a">th</subfield><subfield code="2">rero</subfield></datafield><datafield ind1="1" ind2=" " tag="100"><subfield code="a">Witzel, Georg</subfield><subfield code="d">1501-1573</subfield><subfield code="0">(IDREF)165993219</subfield><subfield code="4">cre</subfield></datafield><datafield ind1="1" ind2="0" tag="245"><subfield code="a">Sommerteyl. Ecclesiasticae demegoriae</subfield><subfield code="b">Postil oder gemeine predig rechter catholischer lere, uber alle Episteln und Evangelien von der Heyligen Gottes, vom Ostermontage bis auff den tag S. Andree</subfield><subfield code="c">Christlich beschrieben und nutzlich gemehrt durch Georgium Wicelium......</subfield></datafield><datafield ind1="1" ind2=" " tag="246"><subfield code="a">Ecclesiasticae demegoriae</subfield></datafield><datafield ind1=" " ind2="1" tag="264"><subfield code="a">Cöllen</subfield><subfield code="b">Peter Quentel</subfield><subfield code="c">1546</subfield></datafield><datafield ind1=" " ind2="3" tag="264"><subfield code="a">Meyntz</subfield><subfield code="b">Truckts Franciscus Behem</subfield></datafield><datafield ind1=" " ind2=" " tag="300"><subfield code="a">[1]-CLXXIX-[2] f.</subfield><subfield code="c">2°</subfield></datafield><datafield ind1=" " ind2=" " tag="336"><subfield code="b">txt</subfield><subfield code="2">rdacontent</subfield></datafield><datafield ind1=" " ind2=" " tag="337"><subfield code="b">n</subfield><subfield code="2">rdamedia</subfield></datafield><datafield ind1=" " ind2=" " tag="338"><subfield code="b">nc</subfield><subfield code="2">rdacarrier</subfield></datafield><datafield ind1="3" ind2=" " tag="510"><subfield code="a">VD16 W 3947</subfield></datafield><datafield ind1="1" ind2=" " tag="700"><subfield code="a">Quentel, Peter</subfield><subfield code="d">14..-1546</subfield><subfield code="0">(IDREF)031007910</subfield><subfield code="4">prt</subfield></datafield><datafield ind1="1" ind2=" " tag="700"><subfield code="a">Behem, Franz</subfield><subfield code="d">1500-1582</subfield><subfield code="0">(IDREF)077081900</subfield><subfield code="4">prt</subfield></datafield><datafield ind1=" " ind2=" " tag="751"><subfield code="a">Köln</subfield><subfield code="4">pup</subfield><subfield code="0">(RERO)A000000224</subfield></datafield><datafield ind1=" " ind2=" " tag="751"><subfield code="a">Mayence (Allemagne)</subfield><subfield code="4">pup</subfield><subfield code="0">(IDREF)027447111</subfield></datafield><datafield ind1="4" ind2="1" tag="856"><subfield code="3">Texte intégral</subfield><subfield code="u">http://reader.digitale-sammlungen.de/resolve/display/bsb10144194.html</subfield></datafield><datafield ind1=" " ind2=" " tag="900"><subfield code="a">REROswissbibnomerge</subfield></datafield><datafield ind1=" " ind2=" " tag="993"><subfield code="a">MHR M Wit 7(2)</subfield><subfield code="x">ge/mhr-/7318</subfield><subfield code="9">LOCAL</subfield></datafield></record>
</metadata></record>