<record><header><identifier>oai:alma.41SLSP_UGE:991000816289705502</identifier><datestamp>2023-03-01T01:10:25Z</datestamp><setSpec>uge_bcen_RapidILL_BOOK</setSpec><setSpec>uge_aaca_RapidILL_BOOK</setSpec><setSpec>uge_abels_RapidILL_BOOK</setSpec><setSpec>uge_dbu_RapidILL_BOOK</setSpec><setSpec>uge_cmu_RapidILL_BOOK</setSpec><setSpec>uge_mail_RapidILL_BOOK</setSpec><setSpec>UNIGE_ALL</setSpec><setSpec>uge_abbat_RapidILL_BOOK</setSpec><setSpec>uge_acar_RapidILL_BOOK</setSpec><setSpec>uge_aobs_RapidILL_BOOK</setSpec></header><metadata>
<record xmlns="http://www.loc.gov/MARC21/slim" xmlns:xsi="http://www.w3.org/2001/XMLSchema-instance" xsi:schemaLocation="http://www.loc.gov/MARC21/slim http://www.loc.gov/standards/marcxml/schema/MARC21slim.xsd"><leader>03109nam a2200733 c 4500</leader><controlfield tag="001">991000816289705502</controlfield><controlfield tag="005">20230207223155.0</controlfield><controlfield tag="008">201011s2015    it            00| | ita|d</controlfield><datafield ind1=" " ind2=" " tag="010"><subfield code="a">2015392712</subfield></datafield><datafield ind1=" " ind2=" " tag="020"><subfield code="a">8898533462</subfield></datafield><datafield ind1=" " ind2=" " tag="020"><subfield code="a">9788898533466</subfield></datafield><datafield ind1=" " ind2=" " tag="035"><subfield code="a">(swissbib)223834661-41slsp_network</subfield></datafield><datafield ind1=" " ind2=" " tag="035"><subfield code="a">223834661</subfield><subfield code="9">ExL</subfield></datafield><datafield ind1=" " ind2=" " tag="035"><subfield code="a">(IDSBB)006447545DSV01</subfield></datafield><datafield ind1=" " ind2=" " tag="035"><subfield code="a">(RERO)R008150773-41slsp</subfield></datafield><datafield ind1=" " ind2=" " tag="035"><subfield code="a">(NEBIS)010523938EBI01</subfield></datafield><datafield ind1=" " ind2=" " tag="035"><subfield code="a">(OCoLC)916543776</subfield></datafield><datafield ind1=" " ind2=" " tag="035"><subfield code="a">(DE-604)BV042721503</subfield></datafield><datafield ind1=" " ind2=" " tag="035"><subfield code="a">(OCoLC)911035047</subfield></datafield><datafield ind1=" " ind2=" " tag="035"><subfield code="a">(EXLNZ-41SLSP_NETWORK)991054962319705501</subfield></datafield><datafield ind1=" " ind2=" " tag="040"><subfield code="a">DEBBG</subfield><subfield code="b">ger</subfield><subfield code="e">rda</subfield><subfield code="d">CH-ZuSLS</subfield></datafield><datafield ind1=" " ind2=" " tag="050"><subfield code="a">DG70.V3</subfield><subfield code="b">G567 2013</subfield></datafield><datafield ind1=" " ind2="7" tag="072"><subfield code="a">ar</subfield><subfield code="2">SzZuIDS BS/BE</subfield></datafield><datafield ind1=" " ind2="7" tag="072"><subfield code="a">ar</subfield><subfield code="2">rero</subfield></datafield><datafield ind1="0" ind2="4" tag="082"><subfield code="a">930.1</subfield><subfield code="2">22/ger</subfield></datafield><datafield ind1="1" ind2="4" tag="082"><subfield code="a">930</subfield><subfield code="2">15</subfield></datafield><datafield ind1="1" ind2="4" tag="082"><subfield code="a">937</subfield><subfield code="2">14</subfield></datafield><datafield ind1=" " ind2=" " tag="084"><subfield code="a">6,12</subfield><subfield code="2">ssgn</subfield></datafield><datafield ind1="1" ind2=" " tag="100"><subfield code="6">880-01</subfield><subfield code="a">Cascino, Roberta</subfield><subfield code="c">archéologue</subfield><subfield code="0">(IDREF)137965532</subfield><subfield code="4">cre</subfield></datafield><datafield ind1="1" ind2=" " tag="880"><subfield code="a">Cascino, Roberta</subfield><subfield code="0">(DE-588)1136499032</subfield><subfield code="e">Herausgeber</subfield><subfield code="4">edt</subfield><subfield code="6">100-01</subfield></datafield><datafield ind1="1" ind2="0" tag="245"><subfield code="a">Novità nella ricerca archeologica a Veio</subfield><subfield code="b">dagli studi di John Ward-Perkins alle ultime scoperte : atti della giornata di studi, British School at Rome, 18 gennaio 2013</subfield><subfield code="c">a cura di Roberta Cascino, Ugo Fusco, Christopher Smith</subfield></datafield><datafield ind1=" " ind2="1" tag="264"><subfield code="a">Roma</subfield><subfield code="b">Sapienza Università editrice</subfield><subfield code="c">2015</subfield></datafield><datafield ind1=" " ind2=" " tag="300"><subfield code="a">VII, 246 Seiten</subfield><subfield code="b">Illustrationen, Karten</subfield></datafield><datafield ind1=" " ind2=" " tag="336"><subfield code="b">txt</subfield><subfield code="2">rdacontent</subfield></datafield><datafield ind1=" " ind2=" " tag="337"><subfield code="b">n</subfield><subfield code="2">rdamedia</subfield></datafield><datafield ind1=" " ind2=" " tag="338"><subfield code="b">nc</subfield><subfield code="2">rdacarrier</subfield></datafield><datafield ind1="1" ind2=" " tag="490"><subfield code="a">Collana Convegni</subfield><subfield code="v">28</subfield></datafield><datafield ind1="1" ind2=" " tag="490"><subfield code="a">Studi umanistici. Serie Antichistica</subfield></datafield><datafield ind1=" " ind2=" " tag="500"><subfield code="a">Contributions in Italian with abstracts in English</subfield></datafield><datafield ind1=" " ind2=" " tag="504"><subfield code="a">John Bryan Ward-Perkins (1912-1981). - Includes bibliographical references (pages 219-244)</subfield></datafield><datafield ind1=" " ind2=" " tag="546"><subfield code="a">Contributions in Italian with abstracts in English</subfield></datafield><datafield ind1="2" ind2="7" tag="610"><subfield code="a">Niedersächsisches Landesmuseum Hannover</subfield><subfield code="b">Archäologische Sammlungen</subfield><subfield code="0">(DE-588)16038596-9</subfield><subfield code="2">gnd</subfield></datafield><datafield ind1=" " ind2="7" tag="650"><subfield code="a">Ausgrabung</subfield><subfield code="0">(DE-588)4129464-6</subfield><subfield code="2">gnd</subfield></datafield><datafield ind1=" " ind2="7" tag="650"><subfield code="a">Funde</subfield><subfield code="0">(DE-588)4071507-3</subfield><subfield code="2">gnd</subfield></datafield><datafield ind1=" " ind2="7" tag="650"><subfield code="a">Fouilles archéologiques</subfield><subfield code="0">(IDREF)027264874</subfield><subfield code="2">idref</subfield></datafield><datafield ind1=" " ind2="0" tag="650"><subfield code="a">Excavations (Archaeology)</subfield><subfield code="z">Italy</subfield><subfield code="z">Veii (Extinct city)</subfield><subfield code="v">Congresses</subfield></datafield><datafield ind1=" " ind2="7" tag="650"><subfield code="a">Excavations (Archaeology)</subfield><subfield code="2">fast</subfield></datafield><datafield ind1=" " ind2="7" tag="651"><subfield code="a">Veji</subfield><subfield code="0">(DE-588)4062458-4</subfield><subfield code="2">gnd</subfield></datafield><datafield ind1=" " ind2="7" tag="651"><subfield code="a">Veio (Italie)</subfield><subfield code="0">(RERO)A016345470</subfield><subfield code="2">rero</subfield></datafield><datafield ind1=" " ind2="0" tag="651"><subfield code="a">Veii (Extinct city)</subfield><subfield code="v">Congresses</subfield></datafield><datafield ind1=" " ind2="7" tag="651"><subfield code="a">Italy</subfield><subfield code="z">Veii (Extinct city)</subfield><subfield code="2">fast</subfield></datafield><datafield ind1=" " ind2="7" tag="655"><subfield code="a">Konferenzschrift</subfield><subfield code="z">Rom</subfield><subfield code="y">2013</subfield><subfield code="2">gnd-content</subfield></datafield><datafield ind1=" " ind2="7" tag="655"><subfield code="a">Conference papers and proceedings</subfield><subfield code="2">fast</subfield></datafield><datafield ind1=" " ind2="7" tag="655"><subfield code="a">Konferenzschrift</subfield><subfield code="z">Roma</subfield><subfield code="y">2013</subfield><subfield code="2">gnd-content</subfield></datafield><datafield ind1="1" ind2=" " tag="700"><subfield code="a">Fusco, Ugo</subfield><subfield code="c">archéologue</subfield><subfield code="0">(IDREF)145879097</subfield></datafield><datafield ind1="1" ind2=" " tag="700"><subfield code="a">Smith, Christopher</subfield><subfield code="0">(RERO)A025404566</subfield></datafield><datafield ind1="1" ind2=" " tag="700"><subfield code="a">Ward-Perkins, John B.</subfield><subfield code="d">1912-1981</subfield><subfield code="0">(DE-588)119089602</subfield></datafield><datafield ind1="4" ind2=" " tag="856"><subfield code="3">Inhaltsverzeichnis</subfield><subfield code="u">http://www.ub.unibas.ch/tox/IDSBB/006447545/PDF</subfield><subfield code="q">pdf</subfield></datafield><datafield ind1=" " ind2="0" tag="830"><subfield code="a">Collana Convegni</subfield><subfield code="v">28</subfield><subfield code="w">(NEBIS)005647833EBI01</subfield></datafield><datafield ind1=" " ind2="0" tag="830"><subfield code="a">Studi umanistici</subfield><subfield code="p">Sapienza</subfield><subfield code="p">Serie antichistica</subfield><subfield code="w">(IDSBB)006189723DSV01</subfield></datafield><datafield ind1=" " ind2=" " tag="900"><subfield code="a">IDSDSStoppsignal FRED</subfield></datafield><datafield ind1=" " ind2=" " tag="900"><subfield code="a">REROnoselfmerge</subfield></datafield><datafield ind1=" " ind2=" " tag="911"><subfield code="a">700</subfield><subfield code="a">Fusco, Ugo</subfield><subfield code="d">1970-</subfield></datafield><datafield ind1=" " ind2=" " tag="911"><subfield code="a">700</subfield><subfield code="a">Smith, Christopher John</subfield><subfield code="d">1965-</subfield></datafield><datafield ind1=" " ind2=" " tag="949"><subfield code="a">http://www.ub.unibas.ch/tox/IDSBB/006447545/PDF</subfield></datafield></record>
</metadata></record>