<record><header><identifier>oai:alma.41SLSP_UGE:991000816709705502</identifier><datestamp>2024-03-15T01:22:09Z</datestamp><setSpec>uge_bcen_RapidILL_BOOK</setSpec><setSpec>uge_aaca_RapidILL_BOOK</setSpec><setSpec>uge_abels_RapidILL_BOOK</setSpec><setSpec>uge_dbu_RapidILL_BOOK</setSpec><setSpec>uge_cmu_RapidILL_BOOK</setSpec><setSpec>uge_mail_RapidILL_BOOK</setSpec><setSpec>uge_abbat_RapidILL_BOOK</setSpec><setSpec>UNIGE_ALL</setSpec><setSpec>uge_acar_RapidILL_BOOK</setSpec><setSpec>uge_aobs_RapidILL_BOOK</setSpec></header><metadata>
<record xmlns="http://www.loc.gov/MARC21/slim" xmlns:xsi="http://www.w3.org/2001/XMLSchema-instance" xsi:schemaLocation="http://www.loc.gov/MARC21/slim http://www.loc.gov/standards/marcxml/schema/MARC21slim.xsd"><leader>01444nam a2200349 ca4500</leader><controlfield tag="001">991000816709705502</controlfield><controlfield tag="005">20240314060002.0</controlfield><controlfield tag="008">201011m19931994xxu||||| |||| 00| ||eng d</controlfield><datafield ind1=" " ind2=" " tag="019"><subfield code="a">Übergeordnete Aufnahme = Niveau supérieur = Livello superiore</subfield><subfield code="5">SLSP/2020</subfield></datafield><datafield ind1=" " ind2=" " tag="035"><subfield code="a">(swissbib)215515250-41slsp_network</subfield></datafield><datafield ind1=" " ind2=" " tag="035"><subfield code="a">215515250</subfield><subfield code="9">ExL</subfield></datafield><datafield ind1=" " ind2=" " tag="035"><subfield code="a">(RERO)1916476-41slsp</subfield></datafield><datafield ind1=" " ind2=" " tag="035"><subfield code="a">(NEBIS)001586144EBI01</subfield></datafield><datafield ind1=" " ind2=" " tag="035"><subfield code="a">(EXLNZ-41SLSP_NETWORK)991155203779705501</subfield></datafield><datafield ind1=" " ind2=" " tag="040"><subfield code="a">RERO geulan</subfield><subfield code="d">CH-ZuSLS</subfield></datafield><datafield ind1=" " ind2="7" tag="072"><subfield code="a">an</subfield><subfield code="2">rero</subfield></datafield><datafield ind1="0" ind2="0" tag="245"><subfield code="a">Handbook of Hispanic cultures in the United States</subfield><subfield code="c">general ed. Nicolás Kanellos and Claudio Esteva-Fabregat ; Instituto de Cooperacion Iberoamericana</subfield></datafield><datafield ind1=" " ind2="1" tag="264"><subfield code="a">Houston</subfield><subfield code="b">Arte Público</subfield><subfield code="c">1993-1994</subfield></datafield><datafield ind1=" " ind2="4" tag="264"><subfield code="c">©1993-1994</subfield></datafield><datafield ind1=" " ind2=" " tag="300"><subfield code="a">4 vol.</subfield><subfield code="c">29 cm</subfield></datafield><datafield ind1=" " ind2=" " tag="336"><subfield code="b">txt</subfield><subfield code="2">rdacontent</subfield></datafield><datafield ind1=" " ind2=" " tag="337"><subfield code="b">n</subfield><subfield code="2">rdamedia</subfield></datafield><datafield ind1=" " ind2=" " tag="338"><subfield code="b">nc</subfield><subfield code="2">rdacarrier</subfield></datafield><datafield ind1=" " ind2=" " tag="500"><subfield code="a">4 Bände, nicht numeriert</subfield></datafield><datafield ind1=" " ind2="7" tag="650"><subfield code="a">Hispano-américain (peuple)</subfield><subfield code="0">(RERO)A009996855</subfield><subfield code="2">rerovoc</subfield></datafield><datafield ind1=" " ind2="7" tag="650"><subfield code="a">Américains d'origine mexicaine</subfield><subfield code="0">(IDREF)027587584</subfield><subfield code="2">idref</subfield></datafield><datafield ind1=" " ind2="7" tag="651"><subfield code="a">États-Unis</subfield><subfield code="0">(IDREF)027225488</subfield><subfield code="2">idref</subfield></datafield><datafield ind1=" " ind2="7" tag="655"><subfield code="a">Encyclopédies</subfield><subfield code="0">(IDREF)028638166</subfield><subfield code="2">idref</subfield></datafield><datafield ind1="1" ind2=" " tag="700"><subfield code="a">Esteva, Claudio</subfield><subfield code="d">1918-2017</subfield><subfield code="0">(IDREF)029120179</subfield></datafield><datafield ind1="1" ind2=" " tag="700"><subfield code="a">Kanellos, Nicolás</subfield><subfield code="d">1945-</subfield><subfield code="0">(DE-588)1057353744</subfield><subfield code="6">880-03</subfield></datafield><datafield ind1="1" ind2=" " tag="880"><subfield code="6">700-03</subfield><subfield code="a">Kanellos, Nicolás</subfield><subfield code="d">1945-....</subfield><subfield code="0">(IDREF)029460190</subfield></datafield><datafield ind1="2" ind2=" " tag="710"><subfield code="a">Instituto de cooperación iberoamericana</subfield><subfield code="g">Espagne</subfield><subfield code="0">(IDREF)026455684</subfield></datafield><datafield ind1=" " ind2=" " tag="900"><subfield code="a">REROnoselfmerge</subfield></datafield></record>
</metadata></record>