<record><header><identifier>oai:alma.41SLSP_UGE:991000816189705502</identifier><datestamp>2023-04-11T00:12:25Z</datestamp><setSpec>uge_bcen_RapidILL_BOOK</setSpec><setSpec>uge_aaca_RapidILL_BOOK</setSpec><setSpec>uge_abels_RapidILL_BOOK</setSpec><setSpec>uge_dbu_RapidILL_BOOK</setSpec><setSpec>uge_cmu_RapidILL_BOOK</setSpec><setSpec>uge_mail_RapidILL_BOOK</setSpec><setSpec>uge_abbat_RapidILL_BOOK</setSpec><setSpec>UNIGE_ALL</setSpec><setSpec>uge_aobs_RapidILL_BOOK</setSpec><setSpec>uge_acar_RapidILL_BOOK</setSpec></header><metadata>
<record xmlns="http://www.loc.gov/MARC21/slim" xmlns:xsi="http://www.w3.org/2001/XMLSchema-instance" xsi:schemaLocation="http://www.loc.gov/MARC21/slim http://www.loc.gov/standards/marcxml/schema/MARC21slim.xsd"><leader>03310nam a2200649 c 4500</leader><controlfield tag="001">991000816189705502</controlfield><controlfield tag="005">20230410175346.0</controlfield><controlfield tag="008">201011t20072007fluaf    b||| 001 0 eng| </controlfield><datafield ind1=" " ind2=" " tag="010"><subfield code="a">2007016409</subfield></datafield><datafield ind1="7" ind2=" " tag="016"><subfield code="a">L4005-004205</subfield><subfield code="2">SzZuIDS</subfield></datafield><datafield ind1=" " ind2=" " tag="020"><subfield code="a">0813061261</subfield><subfield code="q">paperback</subfield></datafield><datafield ind1=" " ind2=" " tag="020"><subfield code="a">9780813061269</subfield><subfield code="q">paperback</subfield></datafield><datafield ind1=" " ind2=" " tag="020"><subfield code="a">9780813031507</subfield><subfield code="q">alk. paper</subfield></datafield><datafield ind1=" " ind2=" " tag="020"><subfield code="a">0813031508</subfield><subfield code="q">alk. paper</subfield></datafield><datafield ind1=" " ind2=" " tag="035"><subfield code="a">(swissbib)222416718-41slsp_network</subfield></datafield><datafield ind1=" " ind2=" " tag="035"><subfield code="a">222416718</subfield><subfield code="9">ExL</subfield></datafield><datafield ind1=" " ind2=" " tag="035"><subfield code="a">(NEBIS)011178857EBI01</subfield></datafield><datafield ind1=" " ind2=" " tag="035"><subfield code="a">(RERO)R008616349-41slsp</subfield></datafield><datafield ind1=" " ind2=" " tag="035"><subfield code="a">(IDSBB)004929422DSV01</subfield></datafield><datafield ind1=" " ind2=" " tag="035"><subfield code="a">(OCoLC)123377402</subfield></datafield><datafield ind1=" " ind2=" " tag="035"><subfield code="a">(EXLNZ-41SLSP_NETWORK)991027381069705501</subfield></datafield><datafield ind1=" " ind2=" " tag="040"><subfield code="a">DLC</subfield><subfield code="b">ger</subfield><subfield code="e">rda</subfield><subfield code="d">CH-ZuSLS</subfield></datafield><datafield ind1=" " ind2=" " tag="043"><subfield code="a">ma-----</subfield></datafield><datafield ind1="0" ind2="0" tag="050"><subfield code="a">N7265.3</subfield><subfield code="b">.S53 2007</subfield></datafield><datafield ind1=" " ind2="7" tag="072"><subfield code="a">ba</subfield><subfield code="2">rero</subfield></datafield><datafield ind1="0" ind2="0" tag="082"><subfield code="a">709.17/492700904</subfield><subfield code="2">22</subfield></datafield><datafield ind1=" " ind2=" " tag="084"><subfield code="a">EH 5500</subfield><subfield code="2">rvk</subfield></datafield><datafield ind1=" " ind2=" " tag="084"><subfield code="a">9,11</subfield><subfield code="2">ssgn</subfield></datafield><datafield ind1="1" ind2=" " tag="100"><subfield code="a">Shabout, Nada M.</subfield><subfield code="d">1962-</subfield><subfield code="0">(DE-588)135584396</subfield><subfield code="e">Verfasser</subfield><subfield code="4">aut</subfield><subfield code="6">880-01</subfield></datafield><datafield ind1="1" ind2=" " tag="880"><subfield code="6">100-01</subfield><subfield code="a">Shabout, Nada M.</subfield><subfield code="d">1962-....</subfield><subfield code="0">(IDREF)140473556</subfield><subfield code="4">cre</subfield></datafield><datafield ind1="1" ind2="0" tag="245"><subfield code="a">Modern Arab art</subfield><subfield code="b">formation of Arab aesthetics</subfield><subfield code="c">Nada M. Shabout</subfield></datafield><datafield ind1=" " ind2="1" tag="264"><subfield code="a">Gainesville</subfield><subfield code="b">University Press of Florida</subfield><subfield code="c">[2007]</subfield></datafield><datafield ind1=" " ind2="4" tag="264"><subfield code="c">©2007</subfield></datafield><datafield ind1=" " ind2=" " tag="300"><subfield code="a">xviii, 203 Seiten</subfield><subfield code="b">Illustrationen</subfield><subfield code="c">24 cm</subfield></datafield><datafield ind1=" " ind2=" " tag="336"><subfield code="b">txt</subfield><subfield code="2">rdacontent</subfield></datafield><datafield ind1=" " ind2=" " tag="337"><subfield code="b">n</subfield><subfield code="2">rdamedia</subfield></datafield><datafield ind1=" " ind2=" " tag="338"><subfield code="b">nc</subfield><subfield code="2">rdacarrier</subfield></datafield><datafield ind1=" " ind2=" " tag="504"><subfield code="a">Includes bibliographical references (pages 173-187) and index</subfield></datafield><datafield ind1="1" ind2=" " tag="520"><subfield code="a">&quot;Modern Arab Art provides a historical and theoretical overview of the forces that have spawned artistic movements across the Middle East from the 1940s through today. Nada Shabout recognizes the important distinction between Arabic art and Islamic art, and views them as overlapping rather than synonymous subjects.&quot; &quot;Based on interviews with Arab artists, reviews of Arabic resources, and visits to sites and galleries in the Arab world, Shabout provides an introduction to a field that has been long neglected. With particular emphasis on production, reception, and the intersection between art and politics in Iraq and Palestine, she reveals the fallacy in Western fascination with Arab art as a timeless and exotic &quot;other.&quot;&quot;--Jacket</subfield></datafield><datafield ind1=" " ind2="7" tag="648"><subfield code="a">1900-2099</subfield><subfield code="2">fast</subfield></datafield><datafield ind1=" " ind2="4" tag="648"><subfield code="a">Geschichte 1950-2000</subfield></datafield><datafield ind1=" " ind2="7" tag="650"><subfield code="a">Kunst</subfield><subfield code="0">(DE-588)4114333-4</subfield><subfield code="2">gnd</subfield></datafield><datafield ind1=" " ind2="0" tag="650"><subfield code="a">Writing, Arabic, in art</subfield></datafield><datafield ind1=" " ind2="7" tag="650"><subfield code="a">Writing, Arabic, in art</subfield><subfield code="2">fast</subfield></datafield><datafield ind1=" " ind2="7" tag="650"><subfield code="a">Aesthetics, Arab</subfield><subfield code="2">fast</subfield></datafield><datafield ind1=" " ind2="7" tag="650"><subfield code="a">Art, Arab</subfield><subfield code="2">fast</subfield></datafield><datafield ind1=" " ind2="7" tag="650"><subfield code="a">Art arabe</subfield><subfield code="0">(IDREF)03092765X</subfield><subfield code="2">idref</subfield></datafield><datafield ind1=" " ind2="7" tag="650"><subfield code="a">20e siècle-21e siècle (début)</subfield><subfield code="0">(RERO)A022440359</subfield><subfield code="2">rero</subfield></datafield><datafield ind1=" " ind2="0" tag="650"><subfield code="a">Art, Arab</subfield><subfield code="y">20th century</subfield></datafield><datafield ind1=" " ind2="0" tag="650"><subfield code="a">Art, Arab</subfield><subfield code="y">21st century</subfield></datafield><datafield ind1=" " ind2="0" tag="650"><subfield code="a">Aesthetics, Arab</subfield></datafield><datafield ind1=" " ind2="7" tag="651"><subfield code="a">Islamische Staaten</subfield><subfield code="0">(DE-588)4073172-8</subfield><subfield code="2">gnd</subfield></datafield><datafield ind1=" " ind2="7" tag="651"><subfield code="a">Naher Osten</subfield><subfield code="0">(DE-588)4068878-1</subfield><subfield code="2">gnd</subfield></datafield><datafield ind1=" " ind2=" " tag="690"><subfield code="a">Arabien. Kunst. 21. Jahrhundert</subfield><subfield code="2">uzb-US</subfield></datafield><datafield ind1=" " ind2=" " tag="690"><subfield code="a">Kalligrafie. Islamische Kunst</subfield><subfield code="2">uzb-US</subfield></datafield><datafield ind1=" " ind2=" " tag="690"><subfield code="a">Kalligrafie. Arabische Kunst</subfield><subfield code="2">uzb-US</subfield></datafield><datafield ind1=" " ind2=" " tag="900"><subfield code="a">REROnoselfmerge</subfield></datafield><datafield ind1=" " ind2=" " tag="912"><subfield code="a">Introduction : The polemics of modern Arab art -- Part I. Background and definitions : Formation and transformation -- Part II. Modern Arab aesthetics : Modern Arab attitude towards art -- Part III. The Arabic letter in art : Situating the Arabic letter in the artistic creation -- Contemporary experiments with the Arabic letter -- Conclusion : Arab art today</subfield></datafield></record>
</metadata></record>