<record><header><identifier>oai:alma.41SLSP_UGE:991000815909705502</identifier><datestamp>2023-03-01T01:10:25Z</datestamp><setSpec>uge_bcen_RapidILL_BOOK</setSpec><setSpec>uge_aaca_RapidILL_BOOK</setSpec><setSpec>uge_abels_RapidILL_BOOK</setSpec><setSpec>uge_dbu_RapidILL_BOOK</setSpec><setSpec>uge_cmu_RapidILL_BOOK</setSpec><setSpec>uge_mail_RapidILL_BOOK</setSpec><setSpec>UNIGE_ALL</setSpec><setSpec>uge_abbat_RapidILL_BOOK</setSpec><setSpec>uge_acar_RapidILL_BOOK</setSpec><setSpec>uge_aobs_RapidILL_BOOK</setSpec></header><metadata>
<record xmlns="http://www.loc.gov/MARC21/slim" xmlns:xsi="http://www.w3.org/2001/XMLSchema-instance" xsi:schemaLocation="http://www.loc.gov/MARC21/slim http://www.loc.gov/standards/marcxml/schema/MARC21slim.xsd"><leader>02432nam a2200481 c 4500</leader><controlfield tag="001">991000815909705502</controlfield><controlfield tag="005">20230210190024.0</controlfield><controlfield tag="008">180411s2018    fr ||||| |||| 10| ||fre d</controlfield><datafield ind1=" " ind2=" " tag="020"><subfield code="a">9782753565067</subfield></datafield><datafield ind1="7" ind2=" " tag="024"><subfield code="a">http://catalogue.bnf.fr/ark:/12148/cb45501600x</subfield><subfield code="2">uri</subfield></datafield><datafield ind1=" " ind2=" " tag="035"><subfield code="a">(swissbib)124703151-41slsp_network</subfield></datafield><datafield ind1=" " ind2=" " tag="035"><subfield code="a">124703151</subfield><subfield code="9">ExL</subfield></datafield><datafield ind1=" " ind2=" " tag="035"><subfield code="a">(RERO)R008785606-41slsp</subfield></datafield><datafield ind1=" " ind2=" " tag="035"><subfield code="a">(EXLNZ-41SLSP_NETWORK)991120719959705501</subfield></datafield><datafield ind1=" " ind2=" " tag="040"><subfield code="a">RERO frbcuc</subfield><subfield code="b">fre</subfield><subfield code="e">rda</subfield><subfield code="d">CH-ZuSLS</subfield></datafield><datafield ind1=" " ind2="7" tag="072"><subfield code="a">hs</subfield><subfield code="2">rero</subfield></datafield><datafield ind1="2" ind2=" " tag="111"><subfield code="a">Colloque de l'Association française d'études canadiennes</subfield><subfield code="n">41.</subfield><subfield code="d">2013</subfield><subfield code="c">Rennes</subfield><subfield code="0">(DE-588)1160729956</subfield></datafield><datafield ind1="0" ind2="0" tag="245"><subfield code="a">Mémoires canadiennes</subfield><subfield code="c">sous la direction de Marc Bergère, Hélène Harter, Catherine Hinault, Éric Pierre et Jean-François Tanguy ; préface d'Yves Frenette ; postface d'André Lespagnol</subfield></datafield><datafield ind1=" " ind2="1" tag="264"><subfield code="a">Rennes</subfield><subfield code="b">Presses universitaires de Rennes</subfield><subfield code="c">2018</subfield></datafield><datafield ind1=" " ind2=" " tag="300"><subfield code="a">265 pages</subfield><subfield code="b">illustrations</subfield></datafield><datafield ind1=" " ind2=" " tag="336"><subfield code="b">txt</subfield><subfield code="2">rdacontent</subfield></datafield><datafield ind1=" " ind2=" " tag="337"><subfield code="b">n</subfield><subfield code="2">rdamedia</subfield></datafield><datafield ind1=" " ind2=" " tag="338"><subfield code="b">nc</subfield><subfield code="2">rdacarrier</subfield></datafield><datafield ind1="0" ind2=" " tag="490"><subfield code="a">Des Amériques</subfield></datafield><datafield ind1=" " ind2=" " tag="500"><subfield code="a">&quot;...fruit d'un rencontre organisée à Rennes du 12 au 15 juin 2013 à l'occasion du 41e colloque de l'AFEC (Association française d'études canadiennes).&quot;. - Page 23</subfield></datafield><datafield ind1=" " ind2="7" tag="650"><subfield code="a">Mémoire collective</subfield><subfield code="0">(IDREF)030288185</subfield><subfield code="2">idref</subfield></datafield><datafield ind1=" " ind2="7" tag="650"><subfield code="a">Identité collective</subfield><subfield code="0">(IDREF)029251133</subfield><subfield code="2">idref</subfield></datafield><datafield ind1=" " ind2="7" tag="650"><subfield code="a">Kollektives Gedächtnis</subfield><subfield code="2">gnd</subfield><subfield code="0">(DE-588)4200793-8</subfield></datafield><datafield ind1=" " ind2="7" tag="651"><subfield code="a">Canada</subfield><subfield code="0">(IDREF)027250679</subfield><subfield code="2">idref</subfield></datafield><datafield ind1=" " ind2="7" tag="655"><subfield code="a">Actes de congrès</subfield><subfield code="0">(IDREF)02886431X</subfield><subfield code="2">idref</subfield></datafield><datafield ind1=" " ind2="7" tag="655"><subfield code="a">Konferenzschrift</subfield><subfield code="z">Rennes</subfield><subfield code="y">2013</subfield><subfield code="2">gnd-content</subfield></datafield><datafield ind1="1" ind2=" " tag="700"><subfield code="6">880-01</subfield><subfield code="a">Bergère, Marc</subfield><subfield code="d">1963-....</subfield><subfield code="0">(IDREF)060646632</subfield><subfield code="4">edt</subfield></datafield><datafield ind1="1" ind2=" " tag="880"><subfield code="6">700-01/(B</subfield><subfield code="a">Bergère, Marc</subfield><subfield code="d">1963-</subfield><subfield code="0">(DE-588)142437247</subfield><subfield code="4">edt</subfield></datafield><datafield ind1="1" ind2=" " tag="700"><subfield code="6">880-02</subfield><subfield code="a">Harter, Hélène</subfield><subfield code="d">1970-....</subfield><subfield code="0">(IDREF)05984583X</subfield><subfield code="4">edt</subfield></datafield><datafield ind1="1" ind2=" " tag="880"><subfield code="6">700-02/(B</subfield><subfield code="a">Harter, Hélène</subfield><subfield code="d">1970-</subfield><subfield code="0">(DE-588)1127169084</subfield><subfield code="4">edt</subfield></datafield><datafield ind1="1" ind2=" " tag="700"><subfield code="6">880-03</subfield><subfield code="a">Hinault, Catherine</subfield><subfield code="d">1964-....</subfield><subfield code="0">(IDREF)182133044</subfield></datafield><datafield ind1="1" ind2=" " tag="700"><subfield code="a">Pierre, Éric</subfield><subfield code="d">1959-....</subfield><subfield code="0">(IDREF)031066895</subfield></datafield><datafield ind1="1" ind2=" " tag="700"><subfield code="a">Tanguy, Jean-François</subfield><subfield code="d">1945-....</subfield><subfield code="0">(IDREF)031778747</subfield></datafield><datafield ind1="1" ind2=" " tag="700"><subfield code="6">880-04</subfield><subfield code="a">Frenette, Yves</subfield><subfield code="d">1955-....</subfield><subfield code="0">(IDREF)068994680</subfield></datafield><datafield ind1="1" ind2=" " tag="880"><subfield code="6">700-04/(B</subfield><subfield code="a">Frenette, Yves</subfield><subfield code="d">1955-</subfield><subfield code="0">(DE-588)1174765798</subfield></datafield><datafield ind1="1" ind2=" " tag="700"><subfield code="6">880-05</subfield><subfield code="a">Lespagnol, André</subfield><subfield code="0">(RERO)A003515091</subfield></datafield><datafield ind1="1" ind2=" " tag="880"><subfield code="6">700-05/(B</subfield><subfield code="a">Lespagnol, André</subfield><subfield code="d">1943-</subfield><subfield code="0">(DE-588)1025878493</subfield></datafield><datafield ind1="2" ind2=" " tag="710"><subfield code="a">Association française d'études canadiennes</subfield><subfield code="b">Colloque</subfield><subfield code="n">41</subfield><subfield code="d">2013</subfield><subfield code="c">Rennes</subfield><subfield code="0">(RERO)A027468727</subfield></datafield><datafield ind1=" " ind2=" " tag="900"><subfield code="a">REROnoselfmerge</subfield></datafield></record>
</metadata></record>