<record><header><identifier>oai:alma.41SLSP_UGE:991000816229705502</identifier><datestamp>2023-06-20T00:22:28Z</datestamp><setSpec>uge_bcen_RapidILL_BOOK</setSpec><setSpec>uge_aaca_RapidILL_BOOK</setSpec><setSpec>uge_abels_RapidILL_BOOK</setSpec><setSpec>uge_dbu_RapidILL_BOOK</setSpec><setSpec>uge_cmu_RapidILL_BOOK</setSpec><setSpec>uge_mail_RapidILL_BOOK</setSpec><setSpec>uge_abbat_RapidILL_BOOK</setSpec><setSpec>UNIGE_ALL</setSpec><setSpec>uge_aobs_RapidILL_BOOK</setSpec><setSpec>uge_acar_RapidILL_BOOK</setSpec></header><metadata>
<record xmlns="http://www.loc.gov/MARC21/slim" xmlns:xsi="http://www.w3.org/2001/XMLSchema-instance" xsi:schemaLocation="http://www.loc.gov/MARC21/slim http://www.loc.gov/standards/marcxml/schema/MARC21slim.xsd"><leader>01984nam a2200589 c 4500</leader><controlfield tag="001">991000816229705502</controlfield><controlfield tag="005">20230619195637.0</controlfield><controlfield tag="008">201011s1980    xxk||||| |||| 00| ||lat d</controlfield><datafield ind1=" " ind2=" " tag="020"><subfield code="a">9780333118764</subfield><subfield code="q">pbk.</subfield></datafield><datafield ind1=" " ind2=" " tag="020"><subfield code="a">0333118766</subfield><subfield code="q">pbk.</subfield><subfield code="c">£5.95</subfield></datafield><datafield ind1=" " ind2=" " tag="035"><subfield code="a">(swissbib)216455979-41slsp_network</subfield></datafield><datafield ind1=" " ind2=" " tag="035"><subfield code="a">216455979</subfield><subfield code="9">ExL</subfield></datafield><datafield ind1=" " ind2=" " tag="035"><subfield code="a">(RERO)R006323995-41slsp</subfield></datafield><datafield ind1=" " ind2=" " tag="035"><subfield code="a">(IDSBB)000109314DSV01</subfield></datafield><datafield ind1=" " ind2=" " tag="035"><subfield code="a">(NEBIS)002918065EBI01</subfield></datafield><datafield ind1=" " ind2=" " tag="035"><subfield code="a">(EXLNZ-41SLSP_NETWORK)991046408119705501</subfield></datafield><datafield ind1=" " ind2=" " tag="040"><subfield code="a">DLC</subfield><subfield code="d">CH-ZuSLS</subfield></datafield><datafield ind1=" " ind2="0" tag="050"><subfield code="a">PA6393</subfield><subfield code="b">.C2 1980</subfield></datafield><datafield ind1=" " ind2="7" tag="072"><subfield code="a">la</subfield><subfield code="2">rero</subfield></datafield><datafield ind1=" " ind2="7" tag="072"><subfield code="a">kp</subfield><subfield code="2">SzZuIDS BS/BE</subfield></datafield><datafield ind1="0" ind2="0" tag="082"><subfield code="a">874/.01</subfield><subfield code="2">19</subfield></datafield><datafield ind1="0" ind2="4" tag="082"><subfield code="a">871/.01</subfield><subfield code="2">19</subfield></datafield><datafield ind1="0" ind2="4" tag="082"><subfield code="a">874.523</subfield></datafield><datafield ind1="1" ind2="4" tag="082"><subfield code="a">874.01</subfield><subfield code="2">20</subfield></datafield><datafield ind1=" " ind2=" " tag="084"><subfield code="a">FX 181100</subfield><subfield code="2">rvk</subfield></datafield><datafield ind1=" " ind2=" " tag="084"><subfield code="a">FX 181605</subfield><subfield code="2">rvk</subfield></datafield><datafield ind1="1" ind2=" " tag="100"><subfield code="a">Horatius Flaccus, Quintus</subfield><subfield code="d">v65-v8</subfield><subfield code="0">(DE-588)118553569</subfield><subfield code="6">880-01</subfield></datafield><datafield ind1="1" ind2=" " tag="880"><subfield code="6">100-01</subfield><subfield code="a">Horace</subfield><subfield code="d">0065-0008 av. J.-C.</subfield><subfield code="0">(IDREF)026659166</subfield><subfield code="4">cre</subfield></datafield><datafield ind1="1" ind2="0" tag="240"><subfield code="a">Carmina</subfield></datafield><datafield ind1="1" ind2="0" tag="245"><subfield code="a">&lt;&lt;The&gt;&gt; Odes</subfield><subfield code="c">Horace ; edited with introduction, revised text, and commentary by Kenneth Quinn</subfield></datafield><datafield ind1=" " ind2="1" tag="264"><subfield code="a">Basingstoke, Hampshire</subfield><subfield code="b">Macmillan Education</subfield><subfield code="a">[New York]</subfield><subfield code="b">St. Martin's Press</subfield><subfield code="c">1980</subfield></datafield><datafield ind1=" " ind2=" " tag="300"><subfield code="a">xviii, 333 p.</subfield><subfield code="c">22 cm.</subfield></datafield><datafield ind1=" " ind2=" " tag="336"><subfield code="b">txt</subfield><subfield code="2">rdacontent</subfield></datafield><datafield ind1=" " ind2=" " tag="337"><subfield code="b">n</subfield><subfield code="2">rdamedia</subfield></datafield><datafield ind1=" " ind2=" " tag="338"><subfield code="b">nc</subfield><subfield code="2">rdacarrier</subfield></datafield><datafield ind1="0" ind2=" " tag="490"><subfield code="a">Classical Series</subfield></datafield><datafield ind1=" " ind2=" " tag="500"><subfield code="a">Text in Latin, introd. and notes in English</subfield></datafield><datafield ind1=" " ind2=" " tag="504"><subfield code="a">Bibliography: pxvii-xviii. - Includes index.</subfield></datafield><datafield ind1=" " ind2=" " tag="504"><subfield code="a">Includes index.</subfield></datafield><datafield ind1="0" ind2="0" tag="600"><subfield code="a">Horace</subfield><subfield code="t">Carmina</subfield></datafield><datafield ind1="0" ind2="0" tag="600"><subfield code="a">Horace</subfield><subfield code="v">Translations into English</subfield></datafield><datafield ind1=" " ind2="0" tag="650"><subfield code="a">Latin language</subfield><subfield code="x">Readers</subfield><subfield code="x">Poetry</subfield></datafield><datafield ind1=" " ind2="0" tag="650"><subfield code="a">Laudatory poetry, Latin</subfield></datafield><datafield ind1=" " ind2="0" tag="650"><subfield code="a">Latin poetry</subfield></datafield><datafield ind1=" " ind2="0" tag="650"><subfield code="a">Latynse digkuns</subfield></datafield><datafield ind1=" " ind2="0" tag="650"><subfield code="a">Latin language</subfield><subfield code="x">Readers</subfield></datafield><datafield ind1=" " ind2="0" tag="650"><subfield code="a">Laudatory poetry, Latin</subfield><subfield code="v">Translations into English</subfield></datafield><datafield ind1=" " ind2="0" tag="650"><subfield code="a">Odes</subfield></datafield><datafield ind1=" " ind2="0" tag="651"><subfield code="a">Rome</subfield><subfield code="v">Poetry</subfield></datafield><datafield ind1=" " ind2="0" tag="651"><subfield code="a">Rome</subfield><subfield code="x">Poetry</subfield></datafield><datafield ind1="1" ind2=" " tag="700"><subfield code="a">Quinn, Kenneth</subfield><subfield code="d">1920-</subfield><subfield code="0">(DE-588)136665845</subfield><subfield code="6">880-02</subfield></datafield><datafield ind1="1" ind2=" " tag="880"><subfield code="6">700-02</subfield><subfield code="a">Quinn, Kenneth</subfield><subfield code="0">(IDREF)030572665</subfield></datafield><datafield ind1=" " ind2=" " tag="900"><subfield code="a">IDSZRMedeaZBZ</subfield><subfield code="b">IDSZRSWK</subfield></datafield></record>
</metadata></record>