<record><header><identifier>oai:alma.41SLSP_UGE:991000815999705502</identifier><datestamp>2023-03-01T01:10:25Z</datestamp><setSpec>uge_bcen_RapidILL_BOOK</setSpec><setSpec>uge_aaca_RapidILL_BOOK</setSpec><setSpec>uge_abels_RapidILL_BOOK</setSpec><setSpec>uge_dbu_RapidILL_BOOK</setSpec><setSpec>uge_cmu_RapidILL_BOOK</setSpec><setSpec>uge_mail_RapidILL_BOOK</setSpec><setSpec>UNIGE_ALL</setSpec><setSpec>uge_abbat_RapidILL_BOOK</setSpec><setSpec>uge_aobs_RapidILL_BOOK</setSpec><setSpec>uge_acar_RapidILL_BOOK</setSpec></header><metadata>
<record xmlns="http://www.loc.gov/MARC21/slim" xmlns:xsi="http://www.w3.org/2001/XMLSchema-instance" xsi:schemaLocation="http://www.loc.gov/MARC21/slim http://www.loc.gov/standards/marcxml/schema/MARC21slim.xsd"><leader>01922nam a2200529 c 4500</leader><controlfield tag="001">991000815999705502</controlfield><controlfield tag="005">20201230204535.0</controlfield><controlfield tag="008">201011t19971997xxu||||| |||| 00| ||eng d</controlfield><datafield ind1=" " ind2=" " tag="020"><subfield code="a">1568810253</subfield></datafield><datafield ind1=" " ind2=" " tag="020"><subfield code="a">1568812566</subfield></datafield><datafield ind1="7" ind2=" " tag="024"><subfield code="a">http://catalogue.bnf.fr/ark:/12148/cb37552339k</subfield><subfield code="2">uri</subfield></datafield><datafield ind1=" " ind2=" " tag="035"><subfield code="a">(swissbib)220720568-41slsp_network</subfield></datafield><datafield ind1=" " ind2=" " tag="035"><subfield code="a">220720568</subfield><subfield code="9">ExL</subfield></datafield><datafield ind1=" " ind2=" " tag="035"><subfield code="a">(RERO)R213637160-41slsp</subfield></datafield><datafield ind1=" " ind2=" " tag="035"><subfield code="a">(NEBIS)001566388EBI01</subfield></datafield><datafield ind1=" " ind2=" " tag="035"><subfield code="a">(EXLNZ-41SLSP_NETWORK)991015171789705501</subfield></datafield><datafield ind1=" " ind2=" " tag="040"><subfield code="a">RERO geussm</subfield><subfield code="d">CH-ZuSLS</subfield></datafield><datafield ind1=" " ind2="7" tag="072"><subfield code="a">ma</subfield><subfield code="2">rero</subfield></datafield><datafield ind1="0" ind2="0" tag="082"><subfield code="a">193</subfield><subfield code="2">21</subfield></datafield><datafield ind1="0" ind2="4" tag="082"><subfield code="a">B</subfield><subfield code="2">21</subfield></datafield><datafield ind1="0" ind2="4" tag="082"><subfield code="a">511.30924</subfield></datafield><datafield ind1=" " ind2=" " tag="084"><subfield code="a">01.20</subfield><subfield code="2">msc</subfield></datafield><datafield ind1="1" ind2=" " tag="100"><subfield code="a">Dawson, John William</subfield><subfield code="d">1944-</subfield><subfield code="c">Jr.</subfield><subfield code="0">(RERO)A023355090</subfield><subfield code="4">cre</subfield></datafield><datafield ind1="1" ind2="0" tag="245"><subfield code="a">Logical dilemmas</subfield><subfield code="b">the life and work of Kurt Gödel</subfield><subfield code="c">John W. Dawson, Jr.</subfield></datafield><datafield ind1=" " ind2="1" tag="264"><subfield code="a">Wellesley MA</subfield><subfield code="b">A.K. Peters</subfield><subfield code="c">1997</subfield></datafield><datafield ind1=" " ind2="4" tag="264"><subfield code="c">©1997</subfield></datafield><datafield ind1=" " ind2=" " tag="300"><subfield code="a">XIV, 361 p.</subfield><subfield code="b">ill.</subfield><subfield code="c">24 cm</subfield></datafield><datafield ind1=" " ind2=" " tag="336"><subfield code="b">txt</subfield><subfield code="2">rdacontent</subfield></datafield><datafield ind1=" " ind2=" " tag="337"><subfield code="b">n</subfield><subfield code="2">rdamedia</subfield></datafield><datafield ind1=" " ind2=" " tag="338"><subfield code="b">nc</subfield><subfield code="2">rdacarrier</subfield></datafield><datafield ind1=" " ind2=" " tag="504"><subfield code="a">Literaturverz.</subfield></datafield><datafield ind1="1" ind2="7" tag="600"><subfield code="a">Gödel, Kurt</subfield><subfield code="2">idszbz</subfield></datafield><datafield ind1="1" ind2="7" tag="600"><subfield code="a">Gödel, Kurt</subfield><subfield code="d">1906-1978</subfield><subfield code="0">(DE-588)11869569X</subfield><subfield code="2">gnd</subfield></datafield><datafield ind1="1" ind2="0" tag="600"><subfield code="a">Gödel, Kurt</subfield></datafield><datafield ind1=" " ind2="0" tag="650"><subfield code="a">Goedel, Kurt, 1906-1978</subfield></datafield><datafield ind1=" " ind2="0" tag="650"><subfield code="a">Logicians</subfield><subfield code="z">Austria</subfield><subfield code="v">Biography</subfield></datafield><datafield ind1=" " ind2="0" tag="650"><subfield code="a">Logicians</subfield><subfield code="z">Austria</subfield><subfield code="x">Biography</subfield></datafield><datafield ind1=" " ind2="0" tag="650"><subfield code="a">Logicians</subfield><subfield code="z">United States</subfield><subfield code="v">Biography</subfield></datafield><datafield ind1=" " ind2="0" tag="650"><subfield code="a">Logicians</subfield><subfield code="z">United States</subfield><subfield code="x">Biography</subfield></datafield><datafield ind1=" " ind2="7" tag="650"><subfield code="a">BIOGRAPHIEN (LEBEN UND WERK)</subfield><subfield code="9">ger</subfield><subfield code="0">(ETHUDK)000036789</subfield><subfield code="2">ethudk</subfield></datafield><datafield ind1=" " ind2="7" tag="650"><subfield code="a">MATHEMATIK</subfield><subfield code="9">ger</subfield><subfield code="0">(ETHUDK)000012462</subfield><subfield code="2">ethudk</subfield></datafield><datafield ind1=" " ind2="7" tag="650"><subfield code="a">PHILOSOPHIE</subfield><subfield code="9">ger</subfield><subfield code="0">(ETHUDK)000009365</subfield><subfield code="2">ethudk</subfield></datafield><datafield ind1=" " ind2="7" tag="650"><subfield code="a">VEREINIGTE STAATEN VON AMERIKA, USA (NORDAMERIKA)</subfield><subfield code="9">ger</subfield><subfield code="0">(ETHUDK)000007826</subfield><subfield code="2">ethudk</subfield></datafield><datafield ind1=" " ind2="7" tag="650"><subfield code="a">ÖSTERREICH (MITTELEUROPA). REPUBLIK ÖSTERREICH</subfield><subfield code="9">ger</subfield><subfield code="0">(ETHUDK)000002904</subfield><subfield code="2">ethudk</subfield></datafield><datafield ind1=" " ind2="7" tag="650"><subfield code="a">&quot;1906/1978&quot;</subfield><subfield code="2">ethudk</subfield></datafield><datafield ind1=" " ind2="7" tag="655"><subfield code="a">Biographie</subfield><subfield code="2">idszbz</subfield></datafield><datafield ind1="1" ind2=" " tag="700"><subfield code="a">Dawson, John W.</subfield><subfield code="c">Jr.</subfield><subfield code="d">1944-</subfield><subfield code="0">(DE-588)137446365</subfield></datafield><datafield ind1=" " ind2=" " tag="900"><subfield code="a">REROnoselfmerge</subfield></datafield></record>
</metadata></record>