<record><header><identifier>oai:alma.41SLSP_UGE:991000816109705502</identifier><datestamp>2023-07-01T00:17:59Z</datestamp><setSpec>uge_cmu_RapidILL_JOURNAL</setSpec><setSpec>uge_aobs_RapidILL_JOURNAL</setSpec><setSpec>uge_aaca_RapidILL_JOURNAL</setSpec><setSpec>uge_bcen_RapidILL_JOURNAL</setSpec><setSpec>uge_abbat_RapidILL_JOURNAL</setSpec><setSpec>uge_mail_RapidILL_JOURNAL</setSpec><setSpec>uge_dbu_RapidILL_JOURNAL</setSpec><setSpec>uge_abels_RapidILL_JOURNAL</setSpec><setSpec>UNIGE_ALL</setSpec><setSpec>uge_acar_RapidILL_JOURNAL</setSpec></header><metadata>
<record xmlns="http://www.loc.gov/MARC21/slim" xmlns:xsi="http://www.w3.org/2001/XMLSchema-instance" xsi:schemaLocation="http://www.loc.gov/MARC21/slim http://www.loc.gov/standards/marcxml/schema/MARC21slim.xsd"><leader>02869nai a2200517 c 4500</leader><controlfield tag="001">991000816109705502</controlfield><controlfield tag="005">20230630213041.0</controlfield><controlfield tag="008">081119c20089999sz || l|  ||| 0    |fre d</controlfield><datafield ind1=" " ind2=" " tag="035"><subfield code="a">(swissbib)109552423-41slsp_network</subfield></datafield><datafield ind1=" " ind2=" " tag="035"><subfield code="a">109552423</subfield><subfield code="9">ExL</subfield></datafield><datafield ind1=" " ind2=" " tag="035"><subfield code="a">(RERO)bv001392186-41slsp</subfield></datafield><datafield ind1=" " ind2=" " tag="035"><subfield code="a">(EXLNZ-41SLSP_NETWORK)991131806119705501</subfield></datafield><datafield ind1=" " ind2=" " tag="040"><subfield code="a">RERO ifofj-</subfield><subfield code="d">CH-ZuSLS</subfield></datafield><datafield ind1="0" ind2=" " tag="041"><subfield code="a">fre</subfield><subfield code="a">ger</subfield></datafield><datafield ind1=" " ind2="7" tag="072"><subfield code="a">dr</subfield><subfield code="2">rero</subfield></datafield><datafield ind1=" " ind2=" " tag="084"><subfield code="a">CA/CH 48 g</subfield><subfield code="2">cjurrom</subfield></datafield><datafield ind1=" " ind2=" " tag="084"><subfield code="a">CA/CH 70.1 g</subfield><subfield code="2">cjurrom</subfield></datafield><datafield ind1=" " ind2=" " tag="084"><subfield code="a">CA/CH 73.2 g</subfield><subfield code="2">cjurrom</subfield></datafield><datafield ind1=" " ind2=" " tag="084"><subfield code="a">CA/CH 47 g</subfield><subfield code="2">cjurrom</subfield></datafield><datafield ind1="1" ind2=" " tag="100"><subfield code="a">Schaerrer, Jacques</subfield><subfield code="0">(RERO)A017272484</subfield><subfield code="4">cre</subfield></datafield><datafield ind1="1" ind2="0" tag="245"><subfield code="a">Guide du bailleur rural</subfield><subfield code="b">droit foncier rural, bail à ferme agricole, aménagement du territoire en zone agricole = Handbuch des Verpächters : bäuerliches Bodenrecht, landwirtschaftliche Pacht, Raumplanung in der Landwirtschaftszone</subfield><subfield code="c">[éd. = Hrsg.:] ADPR, Association pour la défense de la propriété rurale = VSLG, Verein zum Schutz des landwirtschaftlichen Grundeigentums ; [Auteur = Autor: Jacques Schaerrer]</subfield></datafield><datafield ind1="1" ind2=" " tag="246"><subfield code="a">Handbuch des Verpächters</subfield></datafield><datafield ind1="1" ind2=" " tag="246"><subfield code="a">Propriété foncière rurale</subfield></datafield><datafield ind1="1" ind2=" " tag="246"><subfield code="a">Grundeigentum im ländlichen Raum</subfield></datafield><datafield ind1=" " ind2=" " tag="250"><subfield code="a">[2ème éd. = 2. Ausg.]</subfield></datafield><datafield ind1=" " ind2="1" tag="264"><subfield code="a">Bern</subfield><subfield code="b">ADPR-VSLG</subfield><subfield code="c">2008-</subfield></datafield><datafield ind1=" " ind2=" " tag="300"><subfield code="a">1 classeur = 1 Ordner</subfield><subfield code="c">31 cm</subfield></datafield><datafield ind1=" " ind2=" " tag="336"><subfield code="b">txt</subfield><subfield code="2">rdacontent</subfield></datafield><datafield ind1=" " ind2=" " tag="337"><subfield code="b">n</subfield><subfield code="2">rdamedia</subfield></datafield><datafield ind1=" " ind2=" " tag="338"><subfield code="b">nc</subfield><subfield code="2">rdacarrier</subfield></datafield><datafield ind1=" " ind2=" " tag="500"><subfield code="a">Index = Stichwortverz.</subfield></datafield><datafield ind1=" " ind2=" " tag="500"><subfield code="a">Publ. à feuilles mobiles, mise à jour par des suppl. = Loseblatt-Ausg., durch Nachtr. auf dem neuesten Stand gehalten</subfield></datafield><datafield ind1=" " ind2=" " tag="500"><subfield code="a">Sous-titre de couv. = Untertitel auf dem Umschl.: Le statut du bail à ferme agricole vu sous l'angle du propriétaire = Das landwirtschaftliche Pachtrecht aus der Sicht des Eigentümers</subfield></datafield><datafield ind1=" " ind2=" " tag="500"><subfield code="a">Texte français au recto, texte allemand au verso = Franzosicher Text auf der Vorderseite, deutscher Text auf der Rückseite</subfield></datafield><datafield ind1=" " ind2=" " tag="500"><subfield code="a">Variante du sous-titre français: Droit foncier rural, bail à ferme agricole, aménagement du territoire en zone rurale</subfield></datafield><datafield ind1=" " ind2=" " tag="500"><subfield code="a">Titre au dos du classeur: La propriété foncière rurale = Das Grundeigentum im ländlichen Raum</subfield></datafield><datafield ind1=" " ind2="7" tag="650"><subfield code="a">bäuerliches Bodenrecht</subfield><subfield code="9">ger</subfield><subfield code="0">(RERO)jurivoc000002787ger</subfield><subfield code="2">jurivoc</subfield></datafield><datafield ind1=" " ind2="7" tag="650"><subfield code="a">landwirtschaftliche Pacht</subfield><subfield code="9">ger</subfield><subfield code="0">(RERO)jurivoc000013924ger</subfield><subfield code="2">jurivoc</subfield></datafield><datafield ind1=" " ind2="7" tag="650"><subfield code="a">Landwirtschaftszone</subfield><subfield code="9">ger</subfield><subfield code="0">(RERO)jurivoc000013952ger</subfield><subfield code="2">jurivoc</subfield></datafield><datafield ind1=" " ind2="7" tag="650"><subfield code="a">Baux ruraux</subfield><subfield code="0">(IDREF)027465675</subfield><subfield code="2">idref</subfield></datafield><datafield ind1=" " ind2="7" tag="650"><subfield code="a">Droit</subfield><subfield code="0">(IDREF)027466868</subfield><subfield code="2">idref</subfield></datafield><datafield ind1=" " ind2="7" tag="651"><subfield code="a">Schweiz</subfield><subfield code="9">ger</subfield><subfield code="0">(RERO)jurivoc000019912ger</subfield><subfield code="2">jurivoc</subfield></datafield><datafield ind1=" " ind2="7" tag="651"><subfield code="a">Suisse</subfield><subfield code="0">(IDREF)027249654</subfield><subfield code="2">idref</subfield></datafield><datafield ind1=" " ind2="7" tag="655"><subfield code="a">Grundlagenwerk</subfield><subfield code="9">ger</subfield><subfield code="2">jurivoc</subfield><subfield code="0">(RERO)jurivoc000010408ger</subfield></datafield><datafield ind1=" " ind2="7" tag="655"><subfield code="a">Manuels d'enseignement supérieur</subfield><subfield code="0">(IDREF)03020934X</subfield><subfield code="2">idref</subfield></datafield><datafield ind1=" " ind2="7" tag="655"><subfield code="a">Guides pratiques</subfield><subfield code="0">(IDREF)027790045</subfield><subfield code="2">idref</subfield></datafield><datafield ind1="2" ind2=" " tag="710"><subfield code="a">Association pour la défense de la propriété rurale</subfield><subfield code="0">(RERO)A000012548</subfield></datafield></record>
</metadata></record>