<record><header><identifier>oai:alma.41SLSP_UGE:991000816319705502</identifier><datestamp>2024-03-21T01:18:20Z</datestamp><setSpec>uge_bcen_RapidILL_BOOK</setSpec><setSpec>uge_aaca_RapidILL_BOOK</setSpec><setSpec>uge_abels_RapidILL_BOOK</setSpec><setSpec>uge_dbu_RapidILL_BOOK</setSpec><setSpec>uge_cmu_RapidILL_BOOK</setSpec><setSpec>uge_mail_RapidILL_BOOK</setSpec><setSpec>uge_abbat_RapidILL_BOOK</setSpec><setSpec>UNIGE_ALL</setSpec><setSpec>uge_aobs_RapidILL_BOOK</setSpec><setSpec>uge_acar_RapidILL_BOOK</setSpec></header><metadata>
<record xmlns="http://www.loc.gov/MARC21/slim" xmlns:xsi="http://www.w3.org/2001/XMLSchema-instance" xsi:schemaLocation="http://www.loc.gov/MARC21/slim http://www.loc.gov/standards/marcxml/schema/MARC21slim.xsd"><leader>01033nam a2200289 c 4500</leader><controlfield tag="001">991000816319705502</controlfield><controlfield tag="005">20240320221825.0</controlfield><controlfield tag="008">940809s1611    it ||||| |||| 00| ||lat d</controlfield><datafield ind1=" " ind2=" " tag="035"><subfield code="a">(swissbib)089031245-41slsp_network</subfield></datafield><datafield ind1=" " ind2=" " tag="035"><subfield code="a">089031245</subfield><subfield code="9">ExL</subfield></datafield><datafield ind1=" " ind2=" " tag="035"><subfield code="a">(RERO)1891873-41slsp</subfield></datafield><datafield ind1=" " ind2=" " tag="035"><subfield code="a">(EXLNZ-41SLSP_NETWORK)991056898949705501</subfield></datafield><datafield ind1=" " ind2=" " tag="040"><subfield code="a">RERO gevbpu</subfield><subfield code="d">CH-ZuSLS</subfield></datafield><datafield ind1=" " ind2="7" tag="072"><subfield code="a">ph</subfield><subfield code="2">rero</subfield></datafield><datafield ind1=" " ind2=" " tag="084"><subfield code="a">312.C</subfield><subfield code="2">brp</subfield></datafield><datafield ind1="1" ind2=" " tag="100"><subfield code="a">Fonseca, Pedro da</subfield><subfield code="d">1528-1599</subfield><subfield code="0">(IDREF)03085377X</subfield><subfield code="4">cre</subfield></datafield><datafield ind1="1" ind2="0" tag="245"><subfield code="a">Institutionum dialecticarum libri octo</subfield><subfield code="c">authore Petro a Fonseca ex Societate Jesu, nunc quidem pluribus purgata mendis</subfield></datafield><datafield ind1=" " ind2="1" tag="264"><subfield code="a">Venetiis</subfield><subfield code="b">apud Vincentium Florinum</subfield><subfield code="c">1611</subfield></datafield><datafield ind1=" " ind2=" " tag="300"><subfield code="a">392, [6] p.</subfield><subfield code="c">8⁰ (16 cm)</subfield></datafield><datafield ind1=" " ind2=" " tag="336"><subfield code="b">txt</subfield><subfield code="2">rdacontent</subfield></datafield><datafield ind1=" " ind2=" " tag="337"><subfield code="b">n</subfield><subfield code="2">rdamedia</subfield></datafield><datafield ind1=" " ind2=" " tag="338"><subfield code="b">nc</subfield><subfield code="2">rdacarrier</subfield></datafield><datafield ind1=" " ind2=" " tag="500"><subfield code="a">Empreinte: eae- umde res- raqu (3) MDCXI.</subfield></datafield><datafield ind1="3" ind2=" " tag="510"><subfield code="a">Sommervogel</subfield></datafield><datafield ind1=" " ind2="7" tag="650"><subfield code="a">Dialectique</subfield><subfield code="0">(IDREF)027300587</subfield><subfield code="2">idref</subfield></datafield><datafield ind1="1" ind2=" " tag="700"><subfield code="a">Fiorina, Vincenzo</subfield><subfield code="0">(RERO)A003244416</subfield><subfield code="4">prt</subfield></datafield><datafield ind1=" " ind2=" " tag="751"><subfield code="a">Venise (Italie)</subfield><subfield code="4">pup</subfield><subfield code="0">(IDREF)027251411</subfield></datafield><datafield ind1=" " ind2=" " tag="900"><subfield code="a">REROswissbibnomerge</subfield></datafield><datafield ind1=" " ind2=" " tag="993"><subfield code="a">IHR O 563</subfield><subfield code="x">ge/uihr/a/2795</subfield><subfield code="9">LOCAL</subfield></datafield></record>
</metadata></record>