<record><header><identifier>oai:alma.41SLSP_UGE:991000815799705502</identifier><datestamp>2023-03-01T01:10:25Z</datestamp><setSpec>uge_bcen_RapidILL_BOOK</setSpec><setSpec>uge_aaca_RapidILL_BOOK</setSpec><setSpec>uge_abels_RapidILL_BOOK</setSpec><setSpec>uge_dbu_RapidILL_BOOK</setSpec><setSpec>uge_cmu_RapidILL_BOOK</setSpec><setSpec>uge_mail_RapidILL_BOOK</setSpec><setSpec>UNIGE_ALL</setSpec><setSpec>uge_abbat_RapidILL_BOOK</setSpec><setSpec>uge_aobs_RapidILL_BOOK</setSpec><setSpec>uge_acar_RapidILL_BOOK</setSpec></header><metadata>
<record xmlns="http://www.loc.gov/MARC21/slim" xmlns:xsi="http://www.w3.org/2001/XMLSchema-instance" xsi:schemaLocation="http://www.loc.gov/MARC21/slim http://www.loc.gov/standards/marcxml/schema/MARC21slim.xsd"><leader>01574nam a2200493 c 4500</leader><controlfield tag="001">991000815799705502</controlfield><controlfield tag="005">20230204210911.0</controlfield><controlfield tag="008">201012s1991    xxu||||| |||| 00| ||eng d</controlfield><datafield ind1=" " ind2=" " tag="020"><subfield code="a">0300050844</subfield><subfield code="q">cloth</subfield></datafield><datafield ind1=" " ind2=" " tag="020"><subfield code="a">0300054491</subfield><subfield code="q">pbk</subfield></datafield><datafield ind1="7" ind2=" " tag="024"><subfield code="a">http://catalogue.bnf.fr/ark:/12148/cb355626218</subfield><subfield code="2">uri</subfield></datafield><datafield ind1=" " ind2=" " tag="035"><subfield code="a">(swissbib)233073299-41slsp_network</subfield></datafield><datafield ind1=" " ind2=" " tag="035"><subfield code="a">233073299</subfield><subfield code="9">ExL</subfield></datafield><datafield ind1=" " ind2=" " tag="035"><subfield code="a">(RERO)1407031-41slsp</subfield></datafield><datafield ind1=" " ind2=" " tag="035"><subfield code="a">(NEBIS)001182917EBI01</subfield></datafield><datafield ind1=" " ind2=" " tag="035"><subfield code="a">(IDSBB)000758694DSV01</subfield></datafield><datafield ind1=" " ind2=" " tag="035"><subfield code="a">(EXLNZ-41SLSP_NETWORK)991100205299705501</subfield></datafield><datafield ind1=" " ind2=" " tag="040"><subfield code="a">RERO labcud</subfield><subfield code="d">CH-ZuSLS</subfield></datafield><datafield ind1=" " ind2=" " tag="044"><subfield code="a">xxu</subfield><subfield code="a">xxk</subfield></datafield><datafield ind1=" " ind2="7" tag="072"><subfield code="a">an</subfield><subfield code="2">rero</subfield></datafield><datafield ind1=" " ind2="7" tag="072"><subfield code="a">le</subfield><subfield code="2">SzZuIDS BS/BE</subfield></datafield><datafield ind1="1" ind2=" " tag="080"><subfield code="a">820&quot;17/19&quot;AUS8</subfield></datafield><datafield ind1="0" ind2="0" tag="082"><subfield code="a">823/.7</subfield><subfield code="2">20</subfield></datafield><datafield ind1="1" ind2="4" tag="082"><subfield code="a">823</subfield><subfield code="2">12</subfield></datafield><datafield ind1="1" ind2="4" tag="082"><subfield code="a">823.7 AUS</subfield></datafield><datafield ind1=" " ind2=" " tag="084"><subfield code="a">HL 1685</subfield><subfield code="2">rvk</subfield></datafield><datafield ind1="1" ind2=" " tag="100"><subfield code="a">MacDonagh, Oliver</subfield><subfield code="0">(IDREF)028472314</subfield><subfield code="4">cre</subfield></datafield><datafield ind1="1" ind2="0" tag="245"><subfield code="a">Jane Austen</subfield><subfield code="b">real and imagined worlds</subfield><subfield code="c">Oliver Macdonagh</subfield></datafield><datafield ind1="1" ind2=" " tag="246"><subfield code="a">Austen</subfield></datafield><datafield ind1=" " ind2="1" tag="264"><subfield code="a">New Haven</subfield><subfield code="a">London</subfield><subfield code="b">Yale Univ. Press</subfield><subfield code="c">1991</subfield></datafield><datafield ind1=" " ind2=" " tag="300"><subfield code="a">XI, 186 S., Taf.</subfield><subfield code="b">Ill.</subfield><subfield code="c">25 cm</subfield></datafield><datafield ind1=" " ind2=" " tag="336"><subfield code="b">txt</subfield><subfield code="2">rdacontent</subfield></datafield><datafield ind1=" " ind2=" " tag="337"><subfield code="b">n</subfield><subfield code="2">rdamedia</subfield></datafield><datafield ind1=" " ind2=" " tag="338"><subfield code="b">nc</subfield><subfield code="2">rdacarrier</subfield></datafield><datafield ind1="1" ind2="7" tag="600"><subfield code="a">Austen, Jane</subfield><subfield code="d">1775-1817</subfield><subfield code="0">(IDREF)02669719X</subfield><subfield code="2">idref</subfield></datafield><datafield ind1="1" ind2="7" tag="600"><subfield code="a">Austen, Jane</subfield><subfield code="2">idszbz</subfield></datafield><datafield ind1="1" ind2="7" tag="600"><subfield code="a">Austen, Jane</subfield><subfield code="d">1775-1817</subfield><subfield code="0">(DE-588)118505173</subfield><subfield code="2">gnd</subfield></datafield><datafield ind1="1" ind2="0" tag="600"><subfield code="a">Austen, Jane</subfield><subfield code="d">1775-1817</subfield></datafield><datafield ind1="1" ind2="0" tag="600"><subfield code="a">Austen, Jane</subfield><subfield code="d">1775-1817</subfield><subfield code="x">Criticism and interpretation</subfield></datafield><datafield ind1="1" ind2="7" tag="600"><subfield code="a">Austen, Jane</subfield><subfield code="2">idsbb</subfield></datafield><datafield ind1=" " ind2="7" tag="650"><subfield code="a">Roman</subfield><subfield code="0">(IDREF)027342204</subfield><subfield code="2">idref</subfield></datafield><datafield ind1=" " ind2="7" tag="650"><subfield code="a">Roman</subfield><subfield code="0">(DE-588)4050479-7</subfield><subfield code="2">gnd</subfield></datafield><datafield ind1=" " ind2="0" tag="650"><subfield code="a">Austen Jane</subfield></datafield><datafield ind1=" " ind2="7" tag="655"><subfield code="a">Biographie</subfield><subfield code="2">idszbz</subfield></datafield><datafield ind1=" " ind2=" " tag="900"><subfield code="a">REROnoselfmerge</subfield></datafield></record>
</metadata></record>