<record><header><identifier>oai:alma.41SLSP_UGE:991000816559705502</identifier><datestamp>2023-06-28T00:22:17Z</datestamp><setSpec>uge_bcen_RapidILL_BOOK</setSpec><setSpec>uge_aaca_RapidILL_BOOK</setSpec><setSpec>uge_abels_RapidILL_BOOK</setSpec><setSpec>uge_dbu_RapidILL_BOOK</setSpec><setSpec>uge_cmu_RapidILL_BOOK</setSpec><setSpec>uge_mail_RapidILL_BOOK</setSpec><setSpec>uge_abbat_RapidILL_BOOK</setSpec><setSpec>UNIGE_ALL</setSpec><setSpec>uge_acar_RapidILL_BOOK</setSpec><setSpec>uge_aobs_RapidILL_BOOK</setSpec></header><metadata>
<record xmlns="http://www.loc.gov/MARC21/slim" xmlns:xsi="http://www.w3.org/2001/XMLSchema-instance" xsi:schemaLocation="http://www.loc.gov/MARC21/slim http://www.loc.gov/standards/marcxml/schema/MARC21slim.xsd"><leader>02304nam a2200397 c 4500</leader><controlfield tag="001">991000816559705502</controlfield><controlfield tag="005">20230206223053.0</controlfield><controlfield tag="008">020606s2002    sz ||||| |||| 00| ||fre d</controlfield><datafield ind1=" " ind2=" " tag="035"><subfield code="a">(swissbib)097875767-41slsp_network</subfield></datafield><datafield ind1=" " ind2=" " tag="035"><subfield code="a">097875767</subfield><subfield code="9">ExL</subfield></datafield><datafield ind1=" " ind2=" " tag="035"><subfield code="a">(RERO)R003199234-41slsp</subfield></datafield><datafield ind1=" " ind2=" " tag="035"><subfield code="a">(EXLNZ-41SLSP_NETWORK)991071774969705501</subfield></datafield><datafield ind1=" " ind2=" " tag="040"><subfield code="a">RERO gehei-</subfield><subfield code="d">CH-ZuSLS</subfield></datafield><datafield ind1="0" ind2=" " tag="041"><subfield code="a">eng</subfield><subfield code="a">fre</subfield></datafield><datafield ind1=" " ind2=" " tag="044"><subfield code="a">sz</subfield><subfield code="c">ch-ge</subfield></datafield><datafield ind1=" " ind2="7" tag="072"><subfield code="a">ht</subfield><subfield code="2">rero</subfield></datafield><datafield ind1="0" ind2="0" tag="245"><subfield code="a">Institut universitaire de hautes études internationales, Genève</subfield><subfield code="b">1927-2002 : 75 ans au service de la paix par l'enseignement et la recherche en relations internationales = The Graduate Institute of International Studies, Geneva : 1927-2002 : 75 years of service towards peace through learning and research in the field of international relations</subfield><subfield code="c">[Martine Brunschwig Graf, Jean-Claude Frachebourg, Norman Scott, Peter Tschopp]</subfield></datafield><datafield ind1="1" ind2=" " tag="246"><subfield code="a">Graduate Institute of International Studies, Geneva</subfield><subfield code="b">1927-2002 : 75 years of service towards peace through learning and research in the field of international relations</subfield></datafield><datafield ind1="1" ind2=" " tag="246"><subfield code="a">75 ans au service de la paix par l'enseignement et la recherche en relations internationales</subfield></datafield><datafield ind1="1" ind2=" " tag="246"><subfield code="a">75 years of service towards peace through learning and research in the field of international relations</subfield></datafield><datafield ind1=" " ind2="1" tag="264"><subfield code="a">Genève</subfield><subfield code="b">Institut universitaire de hautes études internationales</subfield><subfield code="c">2002</subfield></datafield><datafield ind1=" " ind2=" " tag="300"><subfield code="a">224 p.</subfield><subfield code="b">ill.</subfield><subfield code="c">21 cm</subfield></datafield><datafield ind1=" " ind2=" " tag="336"><subfield code="b">txt</subfield><subfield code="2">rdacontent</subfield></datafield><datafield ind1=" " ind2=" " tag="337"><subfield code="b">n</subfield><subfield code="2">rdamedia</subfield></datafield><datafield ind1=" " ind2=" " tag="338"><subfield code="b">nc</subfield><subfield code="2">rdacarrier</subfield></datafield><datafield ind1="2" ind2="7" tag="610"><subfield code="a">Institut universitaire de hautes études internationales (Genève) - commémoration</subfield><subfield code="0">(RERO)A010099030</subfield><subfield code="2">rero</subfield></datafield><datafield ind1="2" ind2="7" tag="610"><subfield code="a">Institut universitaire de hautes études internationales</subfield><subfield code="g">Genève, Suisse</subfield><subfield code="g">1927-2008</subfield><subfield code="0">(IDREF)026441934</subfield><subfield code="2">idref</subfield></datafield><datafield ind1=" " ind2="7" tag="650"><subfield code="a">2002</subfield><subfield code="2">rero</subfield></datafield><datafield ind1=" " ind2="7" tag="650"><subfield code="a">Enseignement supérieur</subfield><subfield code="0">(IDREF)027335747</subfield><subfield code="2">idref</subfield></datafield><datafield ind1=" " ind2="7" tag="650"><subfield code="a">relations internationales (discipline)</subfield><subfield code="0">(RERO)A010139500</subfield><subfield code="2">rerovoc</subfield></datafield><datafield ind1=" " ind2="7" tag="650"><subfield code="a">1927-2002</subfield><subfield code="2">rero</subfield></datafield><datafield ind1="1" ind2=" " tag="700"><subfield code="a">Brunschwig Graf, Martine</subfield><subfield code="0">(IDREF)073375667</subfield></datafield><datafield ind1="1" ind2=" " tag="700"><subfield code="a">Frachebourg, Jean-Claude</subfield><subfield code="0">(RERO)A003256824</subfield></datafield><datafield ind1="1" ind2=" " tag="700"><subfield code="a">Scott, Norman</subfield><subfield code="c">économiste</subfield><subfield code="d">19..-2004</subfield><subfield code="0">(IDREF)26316800X</subfield><subfield code="4">ctb</subfield></datafield><datafield ind1="1" ind2=" " tag="700"><subfield code="a">Tschopp, Peter</subfield><subfield code="0">(RERO)A003913450</subfield></datafield><datafield ind1="2" ind2=" " tag="710"><subfield code="a">Institut universitaire de hautes études internationales (Genève)</subfield><subfield code="b">Anniversaire</subfield><subfield code="n">75</subfield><subfield code="d">2002</subfield><subfield code="c">Genève</subfield><subfield code="0">(RERO)A012312350</subfield></datafield><datafield ind1=" " ind2=" " tag="900"><subfield code="a">REROnoselfmerge</subfield></datafield></record>
</metadata></record><resumptionToken>1900-01-01@all@UNIGE_ALL@marc21@5986585460005502</resumptionToken></ListRecords></OAI-PMH>